 
@article{aguirre2009,
    author = {Aguirre, Luis A. AND Letellier, Christophe},
    journal = {Mathematical Problems in Engineering},
    publisher = {Wiley Hindawi},
    title = {Modeling Nonlinear Dynamics and Chaos: A Review},
    year = {2009},
    month = {12},
    volume = {11},
    pages = {1-22},
    number = {12},
}

@INPROCEEDINGS{anguita2013,
author={Davide Anguita and Alessandro Ghio and Luca Oneto and Xavier Parra and Jorge L. Reyes-Ortiz},
booktitle={21th European Symposium on Artificial Neural Networks, Computational Intelligence and Machine Learning, ESANN 2013},
title={A Public Domain Dataset for Human Activity Recognition Using Smartphones},
year={2013},
volume={},
number={},
pages={},
doi={978-2-87419-081-0},
ISSN={},
month={April},
}
= {Bruges, Belgium },



@article{bradley2015,
author = {Elizabeth Bradley and Holger Kantz},
title = {Nonlinear time-series analysis revisited},
journal = {Chaos: An Interdisciplinary Journal of Nonlinear Science},
volume = {25},
number = {9},
pages = {097610},
year = {2015},
doi = {10.1063/1.4917289},
}
URL = {http://dx.doi.org/10.1063/1.4917289},
eprint = {http://dx.doi.org/10.1063/1.4917289}


@article{Cao1997,
  title = {{Practical method for determining the minimum embedding dimension of a scalar time series}},
  author = {Liangyue Cao},
  journal = "Physica D: Nonlinear Phenomena",
  year = 1997,
  volume = 110,
  pages = "43-50"
}

@article{casdagli1991,
  author = "Martin Casdagli and Stephen Eubank and J.Doyne Farmer and John Gibson",
  title = "State space reconstruction in the presence of noise",
  journal = "Physica D: Nonlinear Phenomena",
  volume = "51",
  number = "1",
  pages = "52 - 98",
  year = "1991",
  issn = "0167-2789",
}
doi = "https://doi.org/10.1016/0167-2789(91)90222-U",
url = "http://www.sciencedirect.com/science/article/pii/016727899190222U",

@INPROCEEDINGS{Comotti2014,
author={D. Comotti and M. Galizzi and A. Vitali},
booktitle={2014 International Symposium on Inertial Sensors and Systems (ISISS)},
title={neMEMSi: One step forward in wireless attitude and heading reference systems},
year={2014},
pages={1-4},
keywords={inertial navigation;microsensors;wireless sensor networks;MEMS;inertial based motion tracking;inertial system-on-board;magnetic system-on-board;navigation systems;neMEMSi;ultra low-power System;wireless attitude and heading reference system;Bluetooth;Power demand;Sensor fusion;Tracking;Wireless communication;Wireless sensor networks},
doi={10.1109/ISISS.2014.6782521},
month={Feb},
}

@article{devries1982,
title = "The emergence of fetal behaviour. I. Qualitative aspects",
journal = "Early Human Development",
volume = "7",
number = "4",
pages = "301 - 322",
year = "1982",
issn = "0378-3782",
doi = "https://doi.org/10.1016/0378-3782(82)90033-0",
url = "http://www.sciencedirect.com/science/article/pii/0378378282900330",
author = "J.I.P. de Vries and G.H.A. Visser and H.F.R. Prechtl",
keywords = "fetal movement patterns, real-time ultrasound, first half of gestation, normal pregnancy",
}

@article{eckmann1987,
  author={Jean-Pierre Eckmann and Sylvie Oliffson Kamphorst and Daniel Ruelle},
  title={Recurrence Plots of Dynamical Systems},
  journal={EPL (Europhysics Letters)},
  volume={4},
  number={9},
  pages={973},
  url={http://stacks.iop.org/0295-5075/4/i=9/a=004},
  year={1987},
  abstract={A new graphical tool for measuring the time constancy of dynamical systems is presented and illustrated with typical examples.}
}


@ARTICLE{emrani2014a,
  author={S. Emrani and T. Gentimis and H. Krim},
  journal={IEEE Signal Processing Letters},
  title={Persistent Homology of Delay Embeddings and its Application to Wheeze Detection},
  year={2014},
  volume={21},
  number={4},
  pages={459-463},
  doi={10.1109/LSP.2014.2305700},
  ISSN={1070-9908},
  month={April},
}

@article{flash1985,
	author = {Flash, T and Hogan, N},
	title = {The coordination of arm movements: an experimentally confirmed mathematical model},
	volume = {5},
	number = {7},
	pages = {1688--1703},
	year = {1985},
	doi = {10.1523/JNEUROSCI.05-07-01688.1985},
	publisher = {Society for Neuroscience},
	issn = {0270-6474},
	URL = {http://www.jneurosci.org/content/5/7/1688},
	eprint = {http://www.jneurosci.org/content/5/7/1688.full.pdf},
	journal = {Journal of Neuroscience}
}

@article{frank2010,
author = {Jordan Frank and Shie Mannor and Doina Precup},
title = {Activity and Gait Recognition with Time-Delay Embeddings},
journal = {AAAI Conference on Artificial Intelligence},
keywords = {Special Track -- Physically Grounded AI},
pages = {407--408},
year = {2010},
isbn = {9781577354666},
}
url = {https://www.aaai.org/ocs/index.php/AAAI/AAAI10/paper/view/1666}

@article{afraser1986,
  title = {Independent coordinates for strange attractors from mutual information},
  author = {Fraser, Andrew M. and Swinney, Harry L.},
  journal = {Phys. Rev. A},
  volume = {33},
  issue = {2},
  pages = {1134--1140},
  numpages = {0},
  year = {1986},
  month = {Feb},
  publisher = {American Physical Society},
}

@manual{nonlinearTseries2016,
title = {nonlinearTseries: Nonlinear Time Series Analysis},
author = {Constantino A. Garcia and Gunther Sawitzki},
year = {2016},
note = {R package version 0.2.4 --- For new features, see the 'Changelog' file (in the package source)},
url={https://github.com/constantino-garcia/nonlinearTseries},
}

@article{garcia2005e71,
    title = {Nearest neighbor embedding with different time delays},
    author = {Garcia, Sara P. and Almeida, Jonas S.},
    journal = {Phys. Rev. E},
    volume = {71},
    issue = {3},
    pages = {037204},
    numpages = {4},
    year = {2005},
    month = {Mar},
    publisher = {American Physical Society},
    doi = {10.1103/PhysRevE.71.037204},
}
url = {https://link.aps.org/doi/10.1103/PhysRevE.71.037204}

@article{garland2016,
title = "Exploring the topology of dynamical reconstructions ",
journal = "Physica D: Nonlinear Phenomena ",
volume = "334",
number = "",
pages = "49 - 59",
year = "2016",
note = "Topology in Dynamics, Differential Equations, and Data ",
issn = "0167-2789",
author = "Joshua Garland and Elizabeth Bradley and James D. Meiss",
}

@article{gibson1992,
title = "An analytic approach to practical state space reconstruction",
author = "John F. Gibson and J. Doyne Farmer and Martin Casdagli and Stephen Eubank",
journal = "Physica D: Nonlinear Phenomena",
volume = "57",
number = "1",
pages = "1 - 30",
year = "1992",
note = "",
issn = "0167-2789",
}
doi = "http://dx.doi.org/10.1016/0167-2789(92)90085-2",
url = "http://www.sciencedirect.com/science/article/pii/0167278992900852",

@inproceedings{gouaillier2009,
 author = {Gouaillier, David and Hugel, Vincent and Blazevic, Pierre and Kilner, Chris and Monceaux, J{\'e}r\^{o}me and Lafourcade, Pascal and Marnier, Brice and Serre, Julien and Maisonnier, Bruno},
 title = {Mechatronic Design of NAO Humanoid},
 booktitle = {Proceedings of the 2009 IEEE International Conference on Robotics and Automation},
 series = {ICRA'09},
 year = {2009},
 isbn = {978-1-4244-2788-8},
 location = {Kobe, Japan},
 pages = {2124--2129},
 numpages = {6},
 url = {http://dl.acm.org/citation.cfm?id=1703775.1703795},
 acmid = {1703795},
 publisher = {IEEE Press},
 address = {Piscataway, NJ, USA},
} 

@book{guastello-gregson2011,
title = {Nonlinear Dynamical Systems Analysis for the Behavioral Science Using Real Data},
author ={Stephen J. Guastello and Robert A. M. Gregson},
year={2011},
publisher={CRC Press}
}

@article{gomezgarcia2014,
title = "Non uniform Embedding based on Relevance Analysis with reduced computational complexity: Application to the detection of pathologies from biosignal recordings",
journal = "Neurocomputing",
volume = "132",
number = "Supplement C",
pages = "148 - 158",
year = "2014",
note = "Innovations in Nature Inspired Optimization and Learning Methods Machines learning for Non-Linear Processing",
issn = "0925-2312",
author = "Jorge A. Gómez-García and Juan I. Godino-Llorente and Germán Castellanos-Dominguez",
keywords = "Nonlinear dynamics, Non uniform embedding, Time-delay embedding"
}

@article{loffe2015,
  author    = {Sergey Ioffe and
               Christian Szegedy},
  title     = {Batch Normalization: Accelerating Deep Network Training by Reducing
               Internal Covariate Shift},
  journal   = {CoRR},
  volume    = {abs/1502.03167},
  year      = {2015},
  url       = {http://arxiv.org/abs/1502.03167},
  archivePrefix = {arXiv},
  eprint    = {1502.03167},
  timestamp = {Wed, 07 Jun 2017 14:40:49 +0200},
  biburl    = {https://dblp.org/rec/bib/journals/corr/IoffeS15},
  bibsource = {dblp computer science bibliography, https://dblp.org}
}

@article{iwanski1998,
author = {Iwanski,Joseph S.  and Bradley,Elizabeth },
title = {Recurrence plots of experimental data: To embed or not to embed?},
journal = {Chaos: An Interdisciplinary Journal of Nonlinear Science},
volume = {8},
number = {4},
pages = {861-871},
year = {1998},
doi = {10.1063/1.166372},
URL = {https://doi.org/10.1063/1.166372},
eprint = {https://doi.org/10.1063/1.166372}
}

@article{kabiraj2012,
author = {Lipika Kabiraj and Aditya Saurabh and Pankaj Wahi and R. I. Sujith},
title = {Route to chaos for combustion instability in ducted laminar premixed flames},
journal = {Chaos: An Interdisciplinary Journal of Nonlinear Science},
volume = {22},
number = {2},
pages = {023129},
year = {2012},
doi = {10.1063/1.4718725},
}

@book{kantz2003,
 author = {Kantz, Holger and Schreiber, Thomas},
 title = {Nonlinear Time Series Analysis},
 year = {2003},
 isbn = {0521529026},
 publisher = {Cambridge University Press},
 address = {New York, NY, USA},
}

@article{kennel1992,
  title = {Determining embedding dimension for phase-space reconstruction using a geometrical construction},
  author = {Kennel, Matthew B. and Brown, Reggie and Abarbanel, Henry D. I.},
  journal = {Phys. Rev. A},
  volume = {45},
  issue = {6},
  pages = {3403--3411},
  numpages = {0},
  year = {1992},
  month = {Mar},
  publisher = {American Physical Society},
  doi = {10.1103/PhysRevA.45.3403},
}
url = {https://link.aps.org/doi/10.1103/PhysRevA.45.3403}

@article{krakovska2015,
author = {Krakovsk{\'{a}}, Anna and Mezeiov{\'{a}}, Krist{\'{i}}na and I, Hana Bud{\'{a}}},
title = {{Use of False Nearest Neighbours for Selecting Variables and Embedding Parameters for State Space Reconstruction}},
journal = {Journal of Complex Systems},
volume = {2015},
year = {2015},
}
doi = {http://dx.doi.org/10.1155/2015/932750},

@article{letellier2006,
  title = {Estimating the Shannon Entropy: Recurrence Plots versus Symbolic Dynamics},
  author = {Letellier, Christophe},
  journal = {Phys. Rev. Lett.},
  volume = {96},
  issue = {25},
  pages = {254102},
  numpages = {4},
  year = {2006},
  month = {Jun},
  publisher = {American Physical Society},
  doi = {10.1103/PhysRevLett.96.254102},
  url = {https://link.aps.org/doi/10.1103/PhysRevLett.96.254102}
}

@article{marwan2011,
   author = {Norbert Marwan},
    title = "{How to Avoid Potential Pitfalls in Recurrence Plot Based Data Analysis}",
  journal = {International Journal of Bifurcation and Chaos},
archivePrefix = "arXiv",
   eprint = {1007.2215},
 primaryClass = "nlin.CD",
     year = 2011,
   volume = 21,
    pages = {1003},
      doi = {10.1142/S0218127411029008},
}

@article{marwan2007,
title = "Recurrence plots for the analysis of complex systems",
journal = "Physics Reports",
volume = "438",
number = "5",
pages = "237 - 329",
year = "2007",
issn = "0370-1573",
doi = "https://doi.org/10.1016/j.physrep.2006.11.001",
url = "http://www.sciencedirect.com/science/article/pii/S0370157306004066",
author = "Norbert Marwan and M. Carmen Romano and Marco Thiel and Jürgen Kurths",
keywords = "Data analysis, Recurrence plot, Nonlinear dynamics",
}

@incollection{marwan2015,
  author    = {Norbert Marwan and Charles L. Webber},
  title={Mathematical and Computational Foundations of Recurrence Quantifications},
  editor = {Charles L. Webber and Norbert Marwan},
  booktitle = {Recurrence Quantification Analysis: Theory and Best Practices},
  publisher = {Springer, Cham},
  edition   = 1,
  isbn      = {978-3-319-07154-1},
  year= 2015,
  pages       = "3-43",
  chapter     = 1
}

@INPROCEEDINGS{mori2012,
author={H. Mori and Y. Kuniyoshi},
booktitle={2012 IEEE International Conference on Development and Learning and Epigenetic Robotics (ICDL)},
title={Is the developmental order of fetal behaviors self-organized in an uterine environment?},
year={2012},
volume={},
number={},
pages={1-2},
doi={10.1109/DevLrn.2012.6400884},
ISSN={},
month={Nov},
}

@article{packard1980,
  title = {Geometry from a Time Series},
  author = {Packard, N. H. and Crutchfield, J. P. and Farmer, J. D. and Shaw, R. S.},
  journal = {Phys. Rev. Lett.},
  volume = {45},
  issue = {9},
  pages = {712--716},
  numpages = {0},
  year = {1980},
  month = {Sep},
  publisher = {American Physical Society},
  doi = {10.1103/PhysRevLett.45.712},
  url = {https://link.aps.org/doi/10.1103/PhysRevLett.45.712}
}

@book{press1992,
 author = {Press, William H. and Teukolsky, Saul A. and Vetterling, William T. and Flannery, Brian P.},
 title = {Numerical Recipes in C (2Nd Ed.): The Art of Scientific Computing},
 year = {1992},
 pages = {650 --655},
 isbn = {0-521-43108-5},
 publisher = {Cambridge University Press},
 address = {New York, NY, USA},
 url = {https://www2.units.it/ipl/students_area/imm2/files/Numerical_Recipes.pdf},
}

@book{Quintana-Duque2013,
author = {Quintana-Duque, JC and Saupe, Dietmar},
booktitle = {Performance Analysis of Sport IX},
doi = {10.4324/9780203080443},
publisher = {Routledge},
isbn = {9780203080443},
number = {July},
title = {{Evidence of Chaos in Indoor Pedaling Motion using Non-linear Methods}},
year = {2013},
series = {Performance Analysis of Sport}
}
https://www.taylorfrancis.com/books/e/9781136167379

@inproceedings{Quintana-Duque2012,
author =       {Quintana-Duque, Juan Carlos},
title={Non-linear Dynamic Invariants based on Embedding Reconstruction of Systems for Pedaling Motion},
journal = {Proceedings Sportinformatik 2012 9. Symposium der dvs-Sektion Sportinformatik},
booktitle={Sportinformatik 2012 : 9. vom 12.- 14. Sept. 2012 in Konstanz : Beiträge},
pages = {28--38},
year = {2012},
editor={Byshko, Roman},
publisher={Universität},
}
https://kops.uni-konstanz.de/handle/123456789/25637

@phdthesis{Quintana-Duque2016,
  author =       {Quintana-Duque, Juan Carlos},
  title =        {Non-linear methods for the quantification of cyclic motion},
  school =       {University of Konstanz},
  year =         2016,
  address =      {Konstanz, Germany},
  type     = {{PhD} dissertation},
}
URL = {http://docserver.bis.uni-oldenburg.de/publikationen/dissertation/2004/damtow04/damtow04.html},

@article{rosenstein1993,
title = "A practical method for calculating largest Lyapunov exponents from small data sets",
journal = "Physica D: Nonlinear Phenomena",
volume = "65",
number = "1",
pages = "117 - 134",
year = "1993",
issn = "0167-2789",
doi = "https://doi.org/10.1016/0167-2789(93)90009-P",
url = "http://www.sciencedirect.com/science/article/pii/016727899390009P",
author = "Michael T. Rosenstein and James J. Collins and Carlo J. De Luca"
}


@article{mrosenstein1994,
title = "Reconstruction expansion as a geometry-based framework for choosing proper delay times",
journal = "Physica D: Nonlinear Phenomena",
volume = "73",
number = "1",
pages = "82 - 98",
year = "1994",
issn = "0167-2789",
doi = "https://doi.org/10.1016/0167-2789(94)90226-7",
url = "http://www.sciencedirect.com/science/article/pii/0167278994902267",
author = "Michael T. Rosenstein and James J. Collins and Carlo J. De Luca"
}

@article{sama2013,
author = {Sam\`{a}, Albert and Ruiz, Francisco J. and Agell, N\'{u}ria and P\'{e}rez-L\'{o}pez, Carlos and Catal\`{a}, Andreu and Cabestany, Joan},
doi = {10.1016/j.neucom.2012.12.042},
issn = {09252312},
journal = {Neurocomputing},
keywords = {Box approximation geometry,Gait recognition,Inertial sensors,Singular spectrum analysis},
pages = {79--88},
title = {{Gait identification by means of box approximation geometry of reconstructed attractors in latent space}},
volume = {121},
year = {2013}
}

@article{savitzkygolay1964,
   author = {Savitzky, Abraham and Golay, Marcel J. E.},
    title = "{Smoothing and differentiation of data by simplified least squares procedures}",
  journal = {Analytical Chemistry},
     year = 1964,
   volume = 36,
    pages = {1627-1639},
   url = {https://pubs.acs.org/doi/abs/10.1021/ac60214a047},
}

@INPROCEEDINGS{schafer2011,
author={R. W. Schafer},
booktitle={2011 Digital Signal Processing and Signal Processing Education Meeting (DSP/SPE)},
title={On the frequency-domain properties of Savitzky-Golay filters},
year={2011},
volume={},
number={},
pages={54-59},
doi={10.1109/DSP-SPE.2011.5739186},
ISSN={},
month={Jan},
}

@article{shoaib2016,
AUTHOR = {Shoaib, Muhammad and Bosch, Stephan and Incel, Ozlem Durmaz and Scholten, Hans and Havinga, Paul J. M.},
TITLE = {Complex Human Activity Recognition Using Smartphone and Wrist-Worn Motion Sensors},
JOURNAL = {Sensors},
VOLUME = {16},
YEAR = {2016},
NUMBER = {4},
ISSN = {1424-8220},
DOI = {10.3390/s16040426}
}
URL = {http://www.mdpi.com/1424-8220/16/4/426},
ARTICLE NUMBER = {426},

@manual{Rsignal,
title = {{signal}: Signal processing},
author = {{signal R developers}},
year = {2014},
url = {http://r-forge.r-project.org/projects/signal/},
}

@article{small2004,
title = "Optimal embedding parameters: a modelling paradigm",
journal = "Physica D: Nonlinear Phenomena",
volume = "194",
number = "3",
pages = "283 - 296",
year = "2004",
issn = "0167-2789",
doi = "https://doi.org/10.1016/j.physd.2004.03.006",
url = "http://www.sciencedirect.com/science/article/pii/S0167278904001186",
author = "Michael Small and C.K. Tse",
keywords = "Embedding dimension, Lag, Window, Minimum description length",
}



@book{stergiou2004,
title = { Innovative analyses of human movement },
author = { Stergiou, Nicholas },
publisher = { Champaign, IL : Human Kinetics },
year = { 2004 },
type = { Book; Book/Illustrated },
isbn = { 0736044671 (hbk.) },
language = { English },
}



@article {stergiou2006,
	Title = {Optimal movement variability: a new theoretical perspective for neurologic physical therapy},
	Author = {Stergiou, Nicholas and Harbourne, Regina and Cavanaugh, James},
	DOI = {10.1097/01.npt.0000281949.48193.d9},
	Number = {3},
	Volume = {30},
	Month = {September},
	Year = {2006},
	Journal = {Journal of neurologic physical therapy : JNPT},
	ISSN = {1557-0576},
	Pages = {120—129},
	URL = {https://doi.org/10.1097/01.NPT.0000281949.48193.d9},
}



@article{stergiou2011,
title = "Human movement variability, nonlinear dynamics, and pathology: Is there a connection?",
journal = "Human Movement Science",
volume = "30",
number = "5",
pages = "869 - 888",
year = "2011",
note = "EWOMS 2009: The European Workshop on Movement Science",
issn = "0167-9457",
author = "Nicholas Stergiou and Leslie M. Decker",
keywords = "Chaos, Stability, Anterior cruciate ligament, Cerebral concussion, Passive dynamic walker, Infant motor development"
}
doi = "https://doi.org/10.1016/j.humov.2011.06.002",
url = "http://www.sciencedirect.com/science/article/pii/S0167945711000832",

@article{stergiou2016,
author = {Stergiou, Nicholas and Kent, Jenny A. and McGrath, Denise},
title = {Human Movement Variability and Aging},
journal = {Kinesiology Review},
volume = {5},
number = {1},
pages = {15-22},
year = {2016},
doi = {10.1123/kr.2015-0048},

URL = { 
        https://doi.org/10.1123/kr.2015-0048
    
},
eprint = { 
        https://doi.org/10.1123/kr.2015-0048
    
}
,
}





@article{takens1981,
  author="Takens, Floris",
  editor="Rand, David and Young, Lai-Sang",
  title="Detecting strange attractors in turbulence",
  journal="Dynamical Systems and Turbulence, Warwick 1980: Proceedings of a Symposium Held at the University of Warwick 1979/80",
  year="1981",
  publisher="Springer Berlin Heidelberg",
  address="Berlin, Heidelberg",
  pages="366--381",
}
isbn="978-3-540-38945-3",
doi="10.1007/BFb0091924",
url="https://doi.org/10.1007/BFb0091924"
https://link.springer.com/chapter/10.1007%2FBFb0091924

@article{uzal2011,
  title = {Optimal reconstruction of dynamical systems: A noise amplification approach},
  author = {Uzal, L. C. and Grinblat, G. L. and Verdes, P. F.},
  journal = {Phys. Rev. E},
  volume = {84},
  issue = {1},
  pages = {016223},
  numpages = {17},
  year = {2011},
  month = {Jul},
  publisher = {American Physical Society},
  doi = {10.1103/PhysRevE.84.016223},
}
url = {https://link.aps.org/doi/10.1103/PhysRevE.84.016223}

@inproceedings{uzal2010,
author = {Lucas C. Uzal and Pablo F. Verdes},
title = {{Optimal Irregular Delay Embeddings}},
booktitle = {Dynamics Days South America 2010},
booktitleaddon = {International conference on Chaos and Nonlinear Dynamics},
publisher    = {National Institute for Space Research},
year = {2010},
month = {July},
volume={},
number={},
pages={},
ISSN={},
location     = {Sao Jose Dos Campos, Brazil},
url={http://urlib.net/8JMKD3MGP7W/3824342},
}
http://www.lac.inpe.br/ddays/proceedings.jsp
UZAL, L.; VERDES, P. Optimal irregular delay embeddings. 
In: DYNAMICS DAYS SOUTH AMERICA 2010. - INTERNATIONAL CONFERENCE ON CHAOS AND NONLINEAR DYNAMICS., 2010, 
São José dos Campos. Proceedings... 
São José dos Campos: INPE, 2010. 
On-line. IBI: <8JMKD3MGP7W/3824342>. Available 
from: <http://urlib.net/8JMKD3MGP7W/3824342>. 

@manual{hwum2018,
title = {How Well You Move Dataset},
author = {Miguel P Xochicale},
year = {2018},
url = {https://github.com/mxochicale/hwum-dataset},
}




@article{zbilut1992,
title = "Embeddings and delays as derived from quantification of recurrence plots",
journal = "Physics Letters A",
volume = "171",
number = "3",
pages = "199 - 203",
year = "1992",
issn = "0375-9601",
doi = "https://doi.org/10.1016/0375-9601(92)90426-M",
url = "http://www.sciencedirect.com/science/article/pii/037596019290426M",
author = "Joseph P. Zbilut and Charles L. Webber"
}



@article{trulla1996,
title = "Recurrence quantification analysis of the logistic equation with transients",
journal = "Physics Letters A",
volume = "223",
number = "4",
pages = "255 - 260",
year = "1996",
issn = "0375-9601",
doi = "https://doi.org/10.1016/S0375-9601(96)00741-4",
url = "http://www.sciencedirect.com/science/article/pii/S0375960196007414",
author = "L.L. Trulla and A. Giuliani and J.P. Zbilut and C.L. Webber",
keywords = "Recurrence, Lyapunov exponents, Stationarity, Chaos, Complex systems, Nonlinear dynamics"
}
















#########################################
added from Wed 25 Jul 14:43:15 BST 2018



Human-Robot Dance 
@INPROCEEDINGS{ijspeert2002, 
author={A. J. Ijspeert and J. Nakanishi and S. Schaal}, 
booktitle={Proceedings 2002 IEEE International Conference on Robotics and Automation (Cat. No.02CH37292)}, 
title={Movement imitation with nonlinear dynamical systems in humanoid robots}, 
year={2002}, 
volume={2}, 
number={}, 
pages={1398-1403}, 
doi={10.1109/ROBOT.2002.1014739}, 
ISSN={}, 
month={},
}

@InProceedings{gorer2013,
author="G{\"o}rer, Binnur
and Salah, Albert Ali
and Ak{\i}n, H. Levent",
editor="Augusto, Juan Carlos
and Wichert, Reiner
and Collier, Rem
and Keyson, David
and Salah, Albert Ali
and Tan, Ah-Hwee",
title="A Robotic Fitness Coach for the Elderly",
booktitle="Ambient Intelligence",
year="2013",
publisher="Springer International Publishing",
address="Cham",
pages="124--139",
isbn="978-3-319-03647-2"
}

@inproceedings{guneysu2015,
 author = {Guneysu, Arzu and Arnrich, Bert and Ersoy, Cem},
 title = {Children's Rehabilitation with Humanoid Robots and Wearable Inertial Measurement Units},
 booktitle = {Proceedings of the 9th International Conference on Pervasive Computing Technologies for Healthcare},
 series = {PervasiveHealth '15},
 year = {2015},
 isbn = {978-1-63190-045-7},
 location = {Istanbul, Turkey},
 pages = {249--252},
 numpages = {4},
 url = {http://dl.acm.org/citation.cfm?id=2826165.2826206},
 acmid = {2826206},
 publisher = {ICST (Institute for Computer Sciences, Social-Informatics and Telecommunications Engineering)},
 address = {ICST, Brussels, Belgium, Belgium},
 keywords = {human robot interaction, rehabilitation, wearable sensors},
} 



@INPROCEEDINGS{guneysu2014, 
author={A. Guneysu and R. D. Siyli and A. A. Salah}, 
booktitle={The 23rd IEEE International Symposium on Robot and Human Interactive Communication}, 
title={Auto-evaluation of motion imitation in a child-robot imitation game for upper arm rehabilitation}, 
year={2014}, 
volume={}, 
number={}, 
pages={199-204}, 
doi={10.1109/ROMAN.2014.6926253}, 
ISSN={1944-9445}, 
month={Aug},
}



@inproceedings{tsuchida2013,
 author = {Tsuchida, Shuhei and Terada, Tsutomu and Tsukamoto, Masahiko},
 title = {A System for Practicing Formations in Dance Performance Supported by Self-propelled Screen},
 booktitle = {Proceedings of the 4th Augmented Human International Conference},
 series = {AH '13},
 year = {2013},
 isbn = {978-1-4503-1904-1},
 location = {Stuttgart, Germany},
 pages = {178--185},
 numpages = {8},
 url = {http://doi.acm.org/10.1145/2459236.2459266},
 doi = {10.1145/2459236.2459266},
 acmid = {2459266},
 publisher = {ACM},
 address = {New York, NY, USA},
 keywords = {formation dance training, mobile robot, projector},
} 















Variability 


@article{klonowski2002,
title = "Chaotic dynamics applied to signal complexity in phase space and in time domain",
journal = "Chaos, Solitons and Fractals",
volume = "14",
number = "9",
pages = "1379 - 1387",
year = "2002",
issn = "0960-0779",
doi = "https://doi.org/10.1016/S0960-0779(02)00056-5",
url = "http://www.sciencedirect.com/science/article/pii/S0960077902000565",
author = "W Klonowski"
}


@article{klonowski2007,
author="Klonowski, Wlodzimierz",
title="From conformons to human brains: an informal overview of nonlinear dynamics and its applications in biomedicine",
journal="Nonlinear Biomedical Physics",
year="2007",
month="Jul",
day="05",
volume="1",
number="1",
pages="5",
issn="1753-4631",
doi="10.1186/1753-4631-1-5",
url="https://doi.org/10.1186/1753-4631-1-5"
}



@article{klonowski2009,
author="Klonowski, Wlodzimierz",
title="Everything you wanted to ask about EEG but were afraid to get the right answer",
journal="Nonlinear Biomedical Physics",
year="2009",
month="May",
day="26",
volume="3",
number="1",
pages="2",
abstract="We answer several important questions concerning EEG. We also shortly discuss importance of nonlinear methods of contemporary physics in EEG analysis. Basic definitions and explanation of fundamental concepts may be found in my previous publications in NBP.",
issn="1753-4631",
doi="10.1186/1753-4631-3-2",
url="https://doi.org/10.1186/1753-4631-3-2"
}


	
@article{schumacher2004,
author = {Autumn Schumacher},
title ={Linear and Nonlinear Approaches to the Analysis of R-R Interval Variability},
journal = {Biological Research For Nursing},
volume = {5},
number = {3},
pages = {211-221},
year = {2004},
doi = {10.1177/1099800403260619},
note ={PMID: 14737922},
URL = {https://doi.org/10.1177/1099800403260619},
eprint = {https://doi.org/10.1177/1099800403260619},
}

@Article{acharya2006,
author="Rajendra Acharya, U.
and Paul Joseph, K.
and Kannathal, N.
and Lim, Choo Min
and Suri, Jasjit S.",
title="Heart rate variability: a review",
journal="Medical and Biological Engineering and Computing",
year="2006",
month="Dec",
day="01",
volume="44",
number="12",
pages="1031--1051",
issn="1741-0444",
doi="10.1007/s11517-006-0119-0",
url="https://doi.org/10.1007/s11517-006-0119-0"
}


@article{ferdenzi2013,
author = {Ferdenzi, Camille and Roberts, S. Craig and Schirmer, Annett and Delplanque, Sylvain and Cekic, Sezen and Porcherot, Christelle and Cayeux, Isabelle and Sander, David and Grandjean, Didier},
title = {Variability of Affective Responses to Odors: Culture, Gender,  and Olfactory Knowledge},
journal = {Chemical Senses},
volume = {38},
number = {2},
pages = {175-186},
year = {2013},
doi = {10.1093/chemse/bjs083},
URL = {http://dx.doi.org/10.1093/chemse/bjs083},
eprint = {/oup/backfile/content_public/journal/chemse/38/2/10.1093_chemse_bjs083/2/bjs083.pdf}
}



@article{dhingra2011,
author = {Dhingra, R. R. and Jacono, F. J. and Fishman, M. and Loparo, K. A. and Rybak, I. A. and Dick, T. E.},
title = {Vagal-dependent nonlinear variability in the respiratory pattern of anesthetized, spontaneously breathing rats},
journal = {Journal of Applied Physiology},
volume = {111},
number = {1},
pages = {272-284},
year = {2011},
doi = {10.1152/japplphysiol.91196.2008},
    note ={PMID: 21527661},
URL = { 
        https://doi.org/10.1152/japplphysiol.91196.2008 
},
eprint = { 
        https://doi.org/10.1152/japplphysiol.91196.2008
},
}

@article{benzeghiba2007,
title = "Automatic speech recognition and speech variability: A review",
journal = "Speech Communication",
volume = "49",
number = "10",
pages = "763 - 786",
year = "2007",
note = "Intrinsic Speech Variations",
issn = "0167-6393",
doi = "https://doi.org/10.1016/j.specom.2007.02.006",
url = "http://www.sciencedirect.com/science/article/pii/S0167639307000404",
author = "M. Benzeghiba and R. De Mori and O. Deroo and S. Dupont and T. Erbes and D. Jouvet and L. Fissore and P. Laface and A. Mertins and C. Ris and R. Rose and V. Tyagi and C. Wellekens",
keywords = "Speech recognition, Speech analysis, Speech modeling, Speech intrinsic variations"
}



Movement Variability

@article{wu2014,
  title={Temporal structure of motor variability is dynamically regulated and predicts motor learning ability},
  author={Wu, Howard G and Miyamoto, Yohsuke R and Castro, Luis Nicolas Gonzalez and {\"O}lveczky, Bence P and Smith, Maurice A},
  journal={Nature neuroscience},
  volume={17},
  number={2},
  pages={312},
  year={2014},
  publisher={Nature Publishing Group}
}


@article{herzfeld2014,
  title={Motor variability is not noise, but grist for the learning mill},
  author={Herzfeld, David J and Shadmehr, Reza},
  journal={nature neuroscience},
  volume={17},
  number={2},
  pages={149},
  year={2014},
  publisher={Nature Publishing Group}
}




@article{mathiassen2006,
title = "Diversity and variation in biomechanical exposure: What is it, and why would we like to know?",
journal = "Applied Ergonomics",
volume = "37",
number = "4",
pages = "419 - 427",
year = "2006",
note = "Special Issue: Meeting Diversity in Ergonomics",
issn = "0003-6870",
doi = "https://doi.org/10.1016/j.apergo.2006.04.006",
url = "http://www.sciencedirect.com/science/article/pii/S0003687006000482",
author = "Svend Erik Mathiassen",
keywords = "Breaks, Job rotation, Physical workload"
}

@article{srinivasan2012,
title = "Motor variability in occupational health and performance",
journal = "Clinical Biomechanics",
volume = "27",
number = "10",
pages = "979 - 993",
year = "2012",
issn = "0268-0033",
doi = "https://doi.org/10.1016/j.clinbiomech.2012.08.007",
url = "http://www.sciencedirect.com/science/article/pii/S0268003312001817",
author = "Divya Srinivasan and Svend Erik Mathiassen",
keywords = "Exposure variability, Kinematics, Repetitive work, Variation, Work-related musculo-skeletal disorders"
}

@article{wagner2012,
title = "Movement variability and skill level of various throwing techniques",
journal = "Human Movement Science",
volume = "31",
number = "1",
pages = "78 - 90",
year = "2012",
issn = "0167-9457",
doi = "https://doi.org/10.1016/j.humov.2011.05.005",
url = "http://www.sciencedirect.com/science/article/pii/S0167945711000790",
author = "Herbert Wagner and Jürgen Pfusterschmied and Miriam Klous and Serge P. von Duvillard and Erich Müller",
keywords = "Team-handball, Biomechanics, Ball release speed, Movement variability"
}

@article{sandlund2017,
title = "Differences in motor variability among individuals performing a standardized short-cycle manual task",
journal = "Human Movement Science",
volume = "51",
number = "",
pages = "17 - 26",
year = "2017",
note = "",
issn = "0167-9457",
doi = "http://dx.doi.org/10.1016/j.humov.2016.10.009",
url = "http://www.sciencedirect.com/science/article/pii/S0167945716301749",
author = "Jonas Sandlund and Divya Srinivasan and Marina Heiden and Svend Erik Mathiassen",
keywords = "Kinematics",
keywords = "Repetitive task",
keywords = "Principal component analysis",
keywords = "Day-to-day variability",
keywords = "Between-subjects variability",
keywords = "Individual differences"
}


@article{kruger2013,
author = {Krüger, Melanie and Eggert, Thomas and Straube, Andreas},
title = {Age-Related Differences in the Stabilization of Important Task Variables in Reaching Movements},
journal = {Motor Control},
volume = {17},
number = {3},
pages = {313-320},
year = {2013},
doi = {10.1123/mcj.17.3.313},

URL = { 
        https://doi.org/10.1123/mcj.17.3.313
    
},
eprint = { 
        https://doi.org/10.1123/mcj.17.3.313
    
}
,
}



@article{macdonald2006,
title = "Intra-individual variability in behavior: links to brain structure, neurotransmission and neuronal activity",
journal = "Trends in Neurosciences",
volume = "29",
number = "8",
pages = "474 - 480",
year = "2006",
issn = "0166-2236",
doi = "https://doi.org/10.1016/j.tins.2006.06.011",
url = "http://www.sciencedirect.com/science/article/pii/S0166223606001251",
author = "Stuart W.S. MacDonald and Lars Nyberg and Lars Bäckman"
}


@article{vaillancourt2002,
title = "Changing complexity in human behavior and physiology through aging and disease",
journal = "Neurobiology of Aging",
volume = "23",
number = "1",
pages = "1 - 11",
year = "2002",
issn = "0197-4580",
doi = "https://doi.org/10.1016/S0197-4580(01)00247-0",
url = "http://www.sciencedirect.com/science/article/pii/S0197458001002470",
author = "David E Vaillancourt and Karl M Newell",
}


@article{vaillancourt2003,
author = {Vaillancourt, David E. and Newell, Karl M.},
title = {Aging and the time and frequency structure of force output variability},
journal = {Journal of Applied Physiology},
volume = {94},
number = {3},
pages = {903-912},
year = {2003},
doi = {10.1152/japplphysiol.00166.2002},
    note ={PMID: 12571125},

URL = { 
        https://doi.org/10.1152/japplphysiol.00166.2002
    
},
eprint = { 
        https://doi.org/10.1152/japplphysiol.00166.2002
    
}
,
}


@article{svendsen2010,
title = "Amount and structure of force variability during short, ramp and sustained contractions in males and females",
journal = "Human Movement Science",
volume = "29",
number = "1",
pages = "35 - 47",
year = "2010",
issn = "0167-9457",
doi = "https://doi.org/10.1016/j.humov.2009.09.001",
url = "http://www.sciencedirect.com/science/article/pii/S0167945709000906",
author = "Jacob H. Svendsen and Pascal Madeleine",
keywords = "Force variability, Motor control, Gender differences, Endurance contraction, Sample entropy"
}

@Article{madeleine2008,
author="Madeleine, Pascal
and Mathiassen, Svend Erik
and Arendt-Nielsen, Lars",
title="Changes in the degree of motor variability associated with experimental and chronic neck--shoulder pain during a standardised repetitive arm movement",
journal="Experimental Brain Research",
year="2008",
month="Mar",
day="01",
volume="185",
number="4",
pages="689--698",
issn="1432-1106",
doi="10.1007/s00221-007-1199-2",
url="https://doi.org/10.1007/s00221-007-1199-2"
}



@article {sandlund2008,
title = "Acuity of Goal-Directed Arm Movements to Visible Targets in Chronic Neck Pain",
journal = "Journal of Rehabilitation Medicine",
year = "2008",
volume = "40",
number = "5",
pages = "366-374",
issn = "1650-1977",
url = "https://www.ingentaconnect.com/content/mjl/sreh/2008/00000040/00000005/art00008",
doi = "doi:10.2340/16501977-0175",
author = "Sandlund, Jonas and R{\"o}ijezon, Ulrik and Bj{\"o}rklund, Martin and Djupsj{\"o}backa, Mats",
}

@article{chiari2002,
title = "Stabilometric parameters are affected by anthropometry and foot placement",
journal = "Clinical Biomechanics",
volume = "17",
number = "9",
pages = "666 - 677",
year = "2002",
issn = "0268-0033",
doi = "https://doi.org/10.1016/S0268-0033(02)00107-9",
url = "http://www.sciencedirect.com/science/article/pii/S0268003302001079",
author = "Lorenzo Chiari and Laura Rocchi and Angelo Cappello",
keywords = "Posture, Platform stabilometry, Normalization, Anthropometry, Base of support, Vision"
}

@article{madeleine2009,
title = "Changes in the amount and structure of motor variability during a deboning process are associated with work experience and neck–shoulder discomfort",
journal = "Applied Ergonomics",
volume = "40",
number = "5",
pages = "887 - 894",
year = "2009",
issn = "0003-6870",
doi = "https://doi.org/10.1016/j.apergo.2008.12.006",
url = "http://www.sciencedirect.com/science/article/pii/S0003687009000040",
author = "P. Madeleine and T.M.T. Madsen",
keywords = "Variation, Compensatory mechanisms, Nonlinear analysis"
}

@article{kanai2011,
  title={The structural basis of inter-individual differences in human behaviour and cognition},
  author={Kanai, Ryota and Rees, Geraint},
  journal={Nature Reviews Neuroscience},
  volume={12},
  number={4},
  pages={231},
  year={2011},
  publisher={Nature Publishing Group}
}


@article{bartlett2007,
author = { Roger   Bartlett  and  Jon   Wheat  and  Matthew   Robins },
title = {Is movement variability important for sports biomechanists?},
journal = {Sports Biomechanics},
volume = {6},
number = {2},
pages = {224-243},
year  = {2007},
publisher = {Routledge},
doi = {10.1080/14763140701322994},
    note ={PMID: 17892098},

URL = { 
        https://doi.org/10.1080/14763140701322994
    
},
eprint = { 
        https://doi.org/10.1080/14763140701322994
    
}

}



@article{hatze1986,
author = {H. Hatze},
title = {Motion Variability—its Definition, Quantification, and Origin},
journal = {Journal of Motor Behavior},
volume = {18},
number = {1},
pages = {5-16},
year  = {1986},
publisher = {Routledge},
doi = {10.1080/00222895.1986.10735368},
    note ={PMID: 15136282},

URL = { 
        https://doi.org/10.1080/00222895.1986.10735368
    
},
eprint = { 
        https://doi.org/10.1080/00222895.1986.10735368
    
}

}


@phdthesis{preatoni2007,
title = "Innovative methods for the analysis of sports movements and for the longitudinal monitoring of individual motor skills",
author = "Ezio Preatoni",
year = "2007",
language = "English",
school = "Politecnico di Milano",
}



@article{preatoni2010,
author = { Ezio   Preatoni  and  Manuela   Ferrario  and  Giulia   Donà  and  Joseph   Hamill  and  Renato   Rodano },
title = {Motor variability in sports: A non-linear analysis of race walking},
journal = {Journal of Sports Sciences},
volume = {28},
number = {12},
pages = {1327-1336},
year  = {2010},
publisher = {Routledge},
doi = {10.1080/02640414.2010.507250},
    note ={PMID: 20853204},

URL = { 
        https://doi.org/10.1080/02640414.2010.507250
    
},
eprint = { 
        https://doi.org/10.1080/02640414.2010.507250
    
}

}



@article{preatoni2013,
author = { Ezio   Preatoni  and  Joseph   Hamill  and  Andrew   J.   Harrison  and  Kevin   Hayes  and  Richard   E.A.   Van Emmerik  and  Cassie   Wilson  and  Renato   Rodano },
title = {Movement variability and skills monitoring in sports},
journal = {Sports Biomechanics},
volume = {12},
number = {2},
pages = {69-92},
year  = {2013},
publisher = {Routledge},
doi = {10.1080/14763141.2012.738700},
    note ={PMID: 23898682},

URL = { 
        https://doi.org/10.1080/14763141.2012.738700
    
},
eprint = { 
        https://doi.org/10.1080/14763141.2012.738700
    
}

}



@article{muller2004,
  title={Decomposition of variability in the execution of goal-oriented tasks: three components of skill improvement.},
  author={M{\"u}ller, Hermann and Sternad, Dagmar},
  journal={Journal of Experimental Psychology: Human Perception and Performance},
  volume={30},
  number={1},
  pages={212},
  year={2004},
  publisher={American Psychological Association}
}


@article{vaillancourt2001,
title = "Regularity of force tremor in Parkinson's disease",
journal = "Clinical Neurophysiology",
volume = "112",
number = "9",
pages = "1594 - 1603",
year = "2001",
issn = "1388-2457",
doi = "https://doi.org/10.1016/S1388-2457(01)00593-4",
url = "http://www.sciencedirect.com/science/article/pii/S1388245701005934",
author = "David E. Vaillancourt and Andrew B. Slifkin and Karl M. Newell",
keywords = "Force tremor, Parkinson’s disease, Regularity, Time series, Unified Parkinson’s disease rating scale"
}





@incollection{newell1998,
  author={Newell, Karl M and Slifkin, Andrew B},
  title ={The nature of movement variability},
  editor = { Piek, Jan P },
  booktitle = { Motor behavior and human skill : a multidisciplinary approach },
  publisher={ Champaign, IL : Human Kinetics },
  year        = 1998,
  pages       = "143-160",
  chapter     = 7,
}

@book{newell1993,
  title={Variability and Motor Control},
  author={Newell, K.M. and Corcos, D.M.},
  isbn={9780873224246},
  lccn={92033077},
  url={https://books.google.co.uk/books?id=gUgQAQAAMAAJ},
  year={1993},
  publisher={Human Kinetics Publishers}
}



@book{bernstein1967,
  title={The co-ordination and regulation of movements},
  author={Bernstein, N.},
  url={https://books.google.co.uk/books?id=kX5OAQAAIAAJ},
  year={1967},
  publisher={Pergamon-Press}
}




@article{abarbanel1993,
  title = {The analysis of observed chaotic data in physical systems},
  author = {Abarbanel, Henry D. I. and Brown, Reggie and Sidorowich, John J. and Tsimring, Lev Sh.},
  journal = {Rev. Mod. Phys.},
  volume = {65},
  issue = {4},
  pages = {1331--1392},
  numpages = {0},
  year = {1993},
  month = {Oct},
  publisher = {American Physical Society},
  doi = {10.1103/RevModPhys.65.1331},
  url = {https://link.aps.org/doi/10.1103/RevModPhys.65.1331}
}


@article{smith2010,
author = {Smith, Beth A. and Stergiou, Nick and Ulrich, Beverly D.},
title = {Lyapunov Exponent and Surrogation Analysis of Patterns of Variability: Profiles in New Walkers With and Without Down Syndrome},
journal = {Motor Control},
volume = {14},
number = {1},
pages = {126-142},
year = {2010},
doi = {10.1123/mcj.14.1.126},
note ={PMID: 20237407},

URL = { 
        https://doi.org/10.1123/mcj.14.1.126
    
},
eprint = { 
        https://doi.org/10.1123/mcj.14.1.126
    
}
,
}


@article{seifert2011,
title = "Inter-individual variability in the upper–lower limb breaststroke coordination",
journal = "Human Movement Science",
volume = "30",
number = "3",
pages = "550 - 565",
year = "2011",
issn = "0167-9457",
doi = "https://doi.org/10.1016/j.humov.2010.12.003",
url = "http://www.sciencedirect.com/science/article/pii/S016794571000182X",
author = "L. Seifert and H. Leblanc and R. Herault and J. Komar and C. Button and D. Chollet",
keywords = "Variability, Motor control, Cluster analysis, Skill, Swimming"
}



@article{pecora2007,
author = {Louis M. Pecora and Linda Moniz and Jonathan Nichols and Thomas L. Carroll},
title = {A unified approach to attractor reconstruction},
journal = {Chaos: An Interdisciplinary Journal of Nonlinear Science},
volume = {17},
number = {1},
pages = {013110},
year = {2007},
doi = {10.1063/1.2430294},
}


@article{marwan2008,
author="Marwan, N.",
title="A historical review of recurrence plots",
journal="The European Physical Journal Special Topics",
year="2008",
month="Oct",
day="01",
volume="164",
number="1",
pages="3--12",
issn="1951-6401",
doi="10.1140/epjst/e2008-00829-1",
url="https://doi.org/10.1140/epjst/e2008-00829-1"
}


@article{rhea2011,
    author = {Rhea, Christopher K. AND Silver, Tobin A. AND Hong, S. Lee AND Ryu, Joong Hyun AND Studenka, Breanna E. AND Hughes, Charmayne M. L. AND Haddad, Jeffrey M.},
    journal = {PLOS ONE},
    publisher = {Public Library of Science},
    title = {Noise and Complexity in Human Postural Control: Interpreting the Different Estimations of Entropy},
    year = {2011},
    month = {03},
    volume = {6},
    url = {https://doi.org/10.1371/journal.pone.0017696},
    pages = {1-9},
    number = {3},
    doi = {10.1371/journal.pone.0017696}
}

@article{apthorp2014,
    author = {Apthorp, Deborah AND Nagle, Fintan AND Palmisano, Stephen},
    journal = {PLOS ONE},
    publisher = {Public Library of Science},
    title = {Chaos in Balance: Non-Linear Measures of Postural Control Predict Individual Variations in Visual Illusions of Motion},
    year = {2014},
    month = {12},
    volume = {9},
    url = {https://doi.org/10.1371/journal.pone.0113897},
    pages = {1-22},
    number = {12},
    doi = {10.1371/journal.pone.0113897}
}


@article{duran2017,
    author = {Duran, Nicholas D. AND Fusaroli, Riccardo},
    journal = {PLOS ONE},
    publisher = {Public Library of Science},
    title = {Conversing with a devil’s advocate: Interpersonal coordination in deception and disagreement},
    year = {2017},
    month = {06},
    volume = {12},
    url = {https://doi.org/10.1371/journal.pone.0178140},
    pages = {1-25},
    number = {6},
    doi = {10.1371/journal.pone.0178140}
}













@article{eager2016,
  author={David Eager and Ann-Marie Pendrill and Nina Reistad},
  title={Beyond velocity and acceleration: jerk, snap and higher derivatives},
  journal={European Journal of Physics},
  volume={37},
  number={6},
  pages={065008},
  url={http://stacks.iop.org/0143-0807/37/i=6/a=065008},
  year={2016},
}





@article{higuchi1988,
title = "Approach to an irregular time series on the basis of the fractal theory",
journal = "Physica D: Nonlinear Phenomena",
volume = "31",
number = "2",
pages = "277 - 283",
year = "1988",
issn = "0167-2789",
doi = "https://doi.org/10.1016/0167-2789(88)90081-4",
url = "http://www.sciencedirect.com/science/article/pii/0167278988900814",
author = "T. Higuchi"
}

@article{yao2017,
title = "Recurrence plots analysis of the CNY exchange markets based on phase space reconstruction",
journal = "The North American Journal of Economics and Finance",
volume = "42",
pages = "584 - 596",
year = "2017",
issn = "1062-9408",
doi = "https://doi.org/10.1016/j.najef.2017.08.015",
url = "http://www.sciencedirect.com/science/article/pii/S1062940817300529",
author = "Can-Zhong Yao and Qing-Wen Lin",
keywords = "Autocorrelation, Recurrence plot, Determinism, RQA measure, Exchange rate"
}


@article {amato1992,
	author = {Amato, Ivan},
	title = {Chaos breaks out at NIH, but order may come of it},
	volume = {256},
	number = {5065},
	pages = {1763--1764},
	year = {1992},
	doi = {10.1126/science.1615321},
	publisher = {American Association for the Advancement of Science},
	issn = {0036-8075},
	URL = {http://science.sciencemag.org/content/256/5065/1763},
	eprint = {http://science.sciencemag.org/content/256/5065/1763.full.pdf},
	journal = {Science}
}



@article{dingwell2000,
author = {Dingwell,Jonathan B.  and Cusumano,Joseph P. },
title = {Nonlinear time series analysis of normal and pathological human walking},
journal = {Chaos: An Interdisciplinary Journal of Nonlinear Science},
volume = {10},
number = {4},
pages = {848-863},
year = {2000},
doi = {10.1063/1.1324008},

URL = { 
	https://aip.scitation.org/doi/abs/10.1063/1.1324008
    
},
eprint = { 
	https://aip.scitation.org/doi/pdf/10.1063/1.1324008
    
}

}


@article {dingwell2007,
	Title = {Differences between local and orbital dynamic stability during human walking},
	Author = {Dingwell, Jonathan B and Kang, Hyun Gu},
	DOI = {10.1115/1.2746383},
	Number = {4},
	Volume = {129},
	Month = {August},
	Year = {2007},
	Journal = {Journal of biomechanical engineering},
	ISSN = {0148-0731},
	Pages = {586—593},
	URL = {https://doi.org/10.1115/1.2746383},
}


@article{miller2006,
title = "An improved surrogate method for detecting the presence of chaos in gait",
journal = "Journal of Biomechanics",
volume = "39",
number = "15",
pages = "2873 - 2876",
year = "2006",
issn = "0021-9290",
doi = "https://doi.org/10.1016/j.jbiomech.2005.10.019",
url = "http://www.sciencedirect.com/science/article/pii/S002192900500480X",
author = "David J. Miller and Nicholas Stergiou and Max J. Kurz",
keywords = "Locomotion, Nonlinear analysis, Gait, Chaos, Surrogation"
}


@article{bruijn2009,
title = "Is slow walking more stable?",
journal = "Journal of Biomechanics",
volume = "42",
number = "10",
pages = "1506 - 1512",
year = "2009",
issn = "0021-9290",
doi = "https://doi.org/10.1016/j.jbiomech.2009.03.047",
url = "http://www.sciencedirect.com/science/article/pii/S0021929009001948",
author = "Sjoerd M. Bruijn and Jaap H. van Dieën and Onno G. Meijer and Peter J. Beek",
keywords = "Gait stability, Variability, Lyapunov exponents, Treadmill walking, Walking speed"
}



@article{cavanaugh2010,
author = {Cavanaugh, James T. and Kochi, Naomi and Stergiou, Nicholas},
title = {Nonlinear Analysis of Ambulatory Activity Patterns in Community-Dwelling Older Adults},
journal = {The Journals of Gerontology: Series A},
volume = {65A},
number = {2},
pages = {197-203},
year = {2010},
doi = {10.1093/gerona/glp144},
URL = {http://dx.doi.org/10.1093/gerona/glp144},
eprint = {/oup/backfile/content_public/journal/biomedgerontology/65a/2/10.1093/gerona/glp144/2/glp144.pdf}
}

@article{delignleres2003,
author = { Didier   Delignlères  and  Thibault   Deschamps  and  Alexandre   Legros  and  Nicolas   Caillou },
title = {A Methodological Note on Nonlinear Time Series Analysis: Is the Open-and Closed-Loop Model of Collins and De Luca (1993) a Statistical Artifact?},
journal = {Journal of Motor Behavior},
volume = {35},
number = {1},
pages = {86-96},
year  = {2003},
publisher = {Routledge},
doi = {10.1080/00222890309602124},
    note ={PMID: 12724102},

URL = { 
        https://doi.org/10.1080/00222890309602124
    
},
eprint = { 
        https://doi.org/10.1080/00222890309602124
    
}

}


@article{donker2007,
author="Donker, Stella F.
and Roerdink, Melvyn
and Greven, An J.
and Beek, Peter J.",
title="Regularity of center-of-pressure trajectories depends on the amount of attention invested in postural control",
journal="Experimental Brain Research",
year="2007",
month="Jul",
day="01",
volume="181",
number="1",
pages="1--11",
issn="1432-1106",
doi="10.1007/s00221-007-0905-4",
url="https://doi.org/10.1007/s00221-007-0905-4"
}



@article{gates2007,
author = {Gates, Deanna H. and Dingwell, Jonathan B.},
title = {Peripheral neuropathy does not alter the fractal dynamics of stride intervals of gait},
journal = {Journal of Applied Physiology},
volume = {102},
number = {3},
pages = {965-971},
year = {2007},
doi = {10.1152/japplphysiol.00413.2006},
    note ={PMID: 17110519},

URL = { 
        https://doi.org/10.1152/japplphysiol.00413.2006
    
},
eprint = { 
        https://doi.org/10.1152/japplphysiol.00413.2006
    
}
,
}

@article{gates2008,
author="Gates, Deanna H.
and Dingwell, Jonathan B.",
title="The effects of neuromuscular fatigue on task performance during repetitive goal-directed movements",
journal="Experimental Brain Research",
year="2008",
month="Jun",
day="01",
volume="187",
number="4",
pages="573--585",
issn="1432-1106",
doi="10.1007/s00221-008-1326-8",
url="https://doi.org/10.1007/s00221-008-1326-8"
}


@article{hausdorff1995,
author = {Hausdorff, J. M. and Peng, C. K. and Ladin, Z. and Wei, J. Y. and Goldberger, A. L.},
title = {Is walking a random walk? Evidence for long-range correlations in stride interval of human gait},
journal = {Journal of Applied Physiology},
volume = {78},
number = {1},
pages = {349-358},
year = {1995},
doi = {10.1152/jappl.1995.78.1.349},
    note ={PMID: 7713836},

URL = { 
        https://doi.org/10.1152/jappl.1995.78.1.349
    
},
eprint = { 
        https://doi.org/10.1152/jappl.1995.78.1.349
    
}
,
}



@article{hausdorff200,
author = {Hausdorff,Jeffrey M. },
title = {Gait dynamics in Parkinson’s disease: Common and distinct behavior among stride length, gait variability, and fractal-like scaling},
journal = {Chaos: An Interdisciplinary Journal of Nonlinear Science},
volume = {19},
number = {2},
pages = {026113},
year = {2009},
doi = {10.1063/1.3147408},

URL = { 
        https://doi.org/10.1063/1.3147408
    
},
eprint = { 
        https://doi.org/10.1063/1.3147408
    
}

}

@article{liao2008,
title = "Multi-resolution entropy analysis of gait symmetry in neurological degenerative diseases and amyotrophic lateral sclerosis",
journal = "Medical Engineering and Physics",
volume = "30",
number = "3",
pages = "299 - 310",
year = "2008",
issn = "1350-4533",
doi = "https://doi.org/10.1016/j.medengphy.2007.04.014",
url = "http://www.sciencedirect.com/science/article/pii/S1350453307000835",
author = "Fuyuan Liao and Jue Wang and Ping He",
keywords = "Multi-resolution, Entropy, Gait symmetry"
}



@article{kurz2010a,
author="Kurz, Max J. and Hou, Jyhgong Gabriel",
title="Levodopa influences the regularity of the ankle joint kinematics in individuals with Parkinson's disease",
journal="Journal of Computational Neuroscience",
year="2010",
month="Feb",
day="01",
volume="28",
number="1",
pages="131--136",
issn="1573-6873",
doi="10.1007/s10827-009-0192-0",
url="https://doi.org/10.1007/s10827-009-0192-0"
}

@article {kurz2010b,
	Title = {Attractor divergence as a metric for assessing walking balance},
	Author = {Kurz, Max J and Markopoulou, Katerina and Stergiou, Nicholas},
	Number = {2},
	Volume = {14},
	Month = {April},
	Year = {2010},
	Journal = {Nonlinear dynamics, psychology, and life sciences},
	ISSN = {1090-0578},
	Pages = {151—164},
	URL = {http://europepmc.org/abstract/MED/20346260}
}



@article{sosnoff2006,
title = "Independence between the amount and structure of variability at low force levels",
journal = "Neuroscience Letters",
volume = "392",
number = "3",
pages = "165 - 169",
year = "2006",
issn = "0304-3940",
doi = "https://doi.org/10.1016/j.neulet.2005.09.010",
url = "http://www.sciencedirect.com/science/article/pii/S0304394005010578",
author = "Jacob J. Sosnoff and Andrew D. Valantine and Karl M. Newell",
keywords = "Force variability, Motor control, Visual feedback, Irregularity"
}

@article{sosnoff2009,
author = { Jacob J.   Sosnoff  and  Stefani J.   Voudrie },
title = {Practice and Age-Related Loss of Adaptability in Sensorimotor Performance},
journal = {Journal of Motor Behavior},
volume = {41},
number = {2},
pages = {137-146},
year  = {2009},
publisher = {Routledge},
doi = {10.3200/JMBR.41.2.137-146},
    note ={PMID: 19201684},

URL = { 
        https://doi.org/10.3200/JMBR.41.2.137-146
    
},
eprint = { 
        https://doi.org/10.3200/JMBR.41.2.137-146
    
}

}


@article{stins2009,
	title = "Sway regularity reflects attentional involvement in postural control: Effects of expertise, vision and cognition",
	journal = "Gait and Posture",
	volume = "30",
	number = "1",
	pages = "106 - 109",
	year = "2009",
	issn = "0966-6362",
	doi = "https://doi.org/10.1016/j.gaitpost.2009.04.001",
	url = "http://www.sciencedirect.com/science/article/pii/S0966636209001064",
	author = "J.F. Stins and M.E. Michielsen and M. Roerdink and P.J. Beek",
	keywords = "Postural control, Automaticity, Attention, Regularity, Dance"
}


@article{vaillancourt2004,
author = {Vaillancourt, David E. and Sosnoff, Jacob J. and Newell, Karl M.},
title = {Age-related changes in complexity depend on task dynamics},
journal = {Journal of Applied Physiology},
volume = {97},
number = {1},
pages = {454-455},
year = {2004},
doi = {10.1152/japplphysiol.00244.2004},
    note ={PMID: 15220326},

URL = { 
        https://doi.org/10.1152/japplphysiol.00244.2004
    
},
eprint = { 
        https://doi.org/10.1152/japplphysiol.00244.2004
    
}

}

@article{yang2011,
author="Yang, Caixia
and Wu, Christine Qiong",
title="A robust method on estimation of Lyapunov exponents from a noisy time series",
journal="Nonlinear Dynamics",
year="2011",
month="May",
day="01",
volume="64",
number="3",
pages="279--292",
issn="1573-269X",
doi="10.1007/s11071-010-9860-x",
url="https://doi.org/10.1007/s11071-010-9860-x"
}



@article{coffey2011,
title = "Common functional principal components analysis: A new approach to analyzing human movement data",
journal = "Human Movement Science",
volume = "30",
number = "6",
pages = "1144 - 1166",
year = "2011",
issn = "0167-9457",
doi = "https://doi.org/10.1016/j.humov.2010.11.005",
url = "http://www.sciencedirect.com/science/article/pii/S0167945710001867",
author = "N. Coffey and A.J. Harrison and O.A. Donoghue and K. Hayes",
keywords = "Functional data analysis, Common principal component analysis, Gait, Orthoses, Variability"
}



@article{pincus1995,
author = {Pincus,Steve },
title = {Approximate entropy (ApEn) as a complexity measure},
journal = {Chaos: An Interdisciplinary Journal of Nonlinear Science},
volume = {5},
number = {1},
pages = {110-117},
year = {1995},
doi = {10.1063/1.166092},

URL = { 
        https://doi.org/10.1063/1.166092
    
},
eprint = { 
        https://doi.org/10.1063/1.166092
    
}

}



@article{richman2000,
author = {Richman, Joshua S. and Moorman, J. Randall},
title = {Physiological time-series analysis  using approximate entropy and sample entropy},
journal = {American Journal of Physiology-Heart and Circulatory Physiology},
volume = {278},
number = {6},
pages = {H2039-H2049},
year = {2000},
doi = {10.1152/ajpheart.2000.278.6.H2039},
    note ={PMID: 10843903},

URL = { 
        https://doi.org/10.1152/ajpheart.2000.278.6.H2039
    
},
eprint = { 
        https://doi.org/10.1152/ajpheart.2000.278.6.H2039
    
}
,
}


@article{pincus1991,
 ISSN = {00278424},
 URL = {http://www.jstor.org/stable/2356369},
 author = {Steven M. Pincus},
 journal = {Proceedings of the National Academy of Sciences of the United States of America},
 number = {6},
 pages = {2297--2301},
 publisher = {National Academy of Sciences},
 title = {Approximate Entropy as a Measure of System Complexity},
 volume = {88},
 year = {1991}
}




@article{caballero2013,
title = "El procesado del desplazamiento del centro de presiones para el estudio de la relación complejidad/rendimiento observada en el control postural en bipedestación",
journal = "Revista Andaluza de Medicina del Deporte",
volume = "6",
number = "3",
pages = "101 - 107",
year = "2013",
issn = "1888-7546",
doi = "https://doi.org/10.1016/S1888-7546(13)70043-1",
url = "http://www.sciencedirect.com/science/article/pii/S1888754613700431",
author = "C. Caballero and D. Barbado and F.J. Moreno",
keywords = "Rendimiento, Dinámica no lineal, Control postural, SampEn, DFA, COP, Task performance, Nonlinear Dynamics, Postural Balance, SampEn, DFA, COP"
}

@article{caballero2014,
author = {Carla Caballero and David Barbado and Francisco Javier Moreno},
title = {Non-linear tools and methodological concerns measuring human movement variability: An overview},
journal = {European Journal of Human Movement},
volume = {32},
number = {},
pages = {31-81},
year = {2014},
doi = {},
URL = {http://eurjhm.com/index.php/eurjhm/article/view/319},
eprint = {}
}



@article{sternad2018,
title = "It's not (only) the mean that matters: variability, noise and exploration in skill learning",
journal = "Current Opinion in Behavioral Sciences",
volume = "20",
pages = "183 - 195",
year = "2018",
note = "Habits and Skills",
issn = "2352-1546",
doi = "https://doi.org/10.1016/j.cobeha.2018.01.004",
url = "http://www.sciencedirect.com/science/article/pii/S2352154617300864",
author = "Dagmar Sternad"
}

@article{wolf1985,
title = "Determining Lyapunov exponents from a time series",
journal = "Physica D: Nonlinear Phenomena",
volume = "16",
number = "3",
pages = "285 - 317",
year = "1985",
issn = "0167-2789",
doi = "https://doi.org/10.1016/0167-2789(85)90011-9",
url = "http://www.sciencedirect.com/science/article/pii/0167278985900119",
author = "Alan Wolf and Jack B. Swift and Harry L. Swinney and John A. Vastano"
}



@article{theiler1992,
title = "Testing for nonlinearity in time series: the method of surrogate data",
journal = "Physica D: Nonlinear Phenomena",
volume = "58",
number = "1",
pages = "77 - 94",
year = "1992",
issn = "0167-2789",
doi = "https://doi.org/10.1016/0167-2789(92)90102-S",
url = "http://www.sciencedirect.com/science/article/pii/016727899290102S",
author = "James Theiler and Stephen Eubank and André Longtin and Bryan Galdrikian and J. Doyne Farmer"
}


@article{chen2007, 
author={W. Chen and Z. Wang and H. Xie and W. Yu}, 
journal={IEEE Transactions on Neural Systems and Rehabilitation Engineering}, 
title={Characterization of Surface EMG Signal Based on Fuzzy Entropy}, 
year={2007}, 
volume={15}, 
number={2}, 
pages={266-272}, 
doi={10.1109/TNSRE.2007.897025}, 
ISSN={1534-4320}, 
month={June},}



@article{costa2002,
  title = {Multiscale Entropy Analysis of Complex Physiologic Time Series},
  author = {Costa, Madalena and Goldberger, Ary L. and Peng, C.-K.},
  journal = {Phys. Rev. Lett.},
  volume = {89},
  issue = {6},
  pages = {068102},
  numpages = {4},
  year = {2002},
  month = {Jul},
  publisher = {American Physical Society},
  doi = {10.1103/PhysRevLett.89.068102},
  url = {https://link.aps.org/doi/10.1103/PhysRevLett.89.068102}
}

@article{vakharia2015,
author = {V Vakharia and VK Gupta and PK Kankar},
title ={A multiscale permutation entropy based approach to select wavelet for fault diagnosis of ball bearings},
journal = {Journal of Vibration and Control},
volume = {21},
number = {16},
pages = {3123-3131},
year = {2015},
doi = {10.1177/1077546314520830},

URL = { 
        https://doi.org/10.1177/1077546314520830
    
},
eprint = { 
        https://doi.org/10.1177/1077546314520830
    
}
,
}

@article{bandt2002,
  title = {Permutation Entropy: A Natural Complexity Measure for Time Series},
  author = {Bandt, Christoph and Pompe, Bernd},
  journal = {Phys. Rev. Lett.},
  volume = {88},
  issue = {17},
  pages = {174102},
  numpages = {4},
  year = {2002},
  month = {Apr},
  publisher = {American Physical Society},
  doi = {10.1103/PhysRevLett.88.174102},
  url = {https://link.aps.org/doi/10.1103/PhysRevLett.88.174102}
}


@article{vanorden2003,
    author = {Van Orden, Guy C. and Holden, John G. and Turvey, Michael T.},
    citeulike-article-id = {1304020},
    citeulike-linkout-0 = {http://dx.doi.org.arugula.cc.columbia.edu:2048/10.1037/0096-3445.132.3.331},
    citeulike-linkout-1 = {http://dx.doi.org/10.1037/0096-3445.132.3.331},
    doi = {10.1037/0096-3445.132.3.331},
    journal = {Journal of Experimental Psychology: General},
    keywords = {\_d\_, noise, self-organization},
    number = {3},
    pages = {331--350},
    posted-at = {2007-05-17 19:17:18},
    priority = {2},
    title = {{Self-organization of cognitive performance}},
    url = {http://dx.doi.org.arugula.cc.columbia.edu:2048/10.1037/0096-3445.132.3.331},
    volume = {132},
    year = {2003}
}





@incollection{holden2005,
  author={Holden, John G},
  title={Gauging the fractal dimension of response times from cognitive tasks},
  editor = { Riley, Michael A. and Van Orden, Guy C. and National Science Foundation (U.S.) },
  booktitle = { Tutorials in contemporary nonlinear methods for the behavioral sciences},
  publisher={ National Science Foundation, Arlington, VA },
  year        = 2005,
  pages       = "268-318",
  chapter     = 6,
}



@article{goldberger1990,
 ISSN = {00368733, 19467087},
 URL = {http://www.jstor.org/stable/24996678},
 author = {Ary L. Goldberger and David R. Rigney and Bruce J. West},
 journal = {Scientific American},
 number = {2},
 pages = {42--49},
 publisher = {Scientific American, a division of Nature America, Inc.},
 title = {Chaos and Fractals in Human Physiology},
 volume = {262},
 year = {1990}
}


@article{goldberger1996,
title = "Non-linear dynamics for clinicians: chaos theory, fractals, and complexity at the bedside",
journal = "The Lancet",
volume = "347",
number = "9011",
pages = "1312 - 1314",
year = "1996",
issn = "0140-6736",
doi = "https://doi.org/10.1016/S0140-6736(96)90948-4",
url = "http://www.sciencedirect.com/science/article/pii/S0140673696909484",
author = "A.L. Goldberger"
}

@article{goldberger2002b,
title = "What is physiologic complexity and how does it change with aging and disease?",
journal = "Neurobiology of Aging",
volume = "23",
number = "1",
pages = "23 - 26",
year = "2002",
issn = "0197-4580",
doi = "https://doi.org/10.1016/S0197-4580(01)00266-4",
url = "http://www.sciencedirect.com/science/article/pii/S0197458001002664",
author = "Ary L Goldberger and C.-K Peng and Lewis A Lipsitz"
}



@article{kantelhard2002,
title = "Multifractal detrended fluctuation analysis of nonstationary time series",
journal = "Physica A: Statistical Mechanics and its Applications",
volume = "316",
number = "1",
pages = "87 - 114",
year = "2002",
issn = "0378-4371",
doi = "https://doi.org/10.1016/S0378-4371(02)01383-3",
url = "http://www.sciencedirect.com/science/article/pii/S0378437102013833",
author = "Jan W. Kantelhardt and Stephan A. Zschiegner and Eva Koscielny-Bunde and Shlomo Havlin and Armin Bunde and H.Eugene Stanley",
keywords = "Multifractal formalism, Scaling, Nonstationarities, Time series analysis, Long-range correlations, Broad distributions, Detrended fluctuation analysis"
}

@article{zhou2008,
  title = {Multifractal detrended cross-correlation analysis for two nonstationary signals},
  author = {Zhou, Wei-Xing},
  journal = {Phys. Rev. E},
  volume = {77},
  issue = {6},
  pages = {066211},
  numpages = {4},
  year = {2008},
  month = {Jun},
  publisher = {American Physical Society},
  doi = {10.1103/PhysRevE.77.066211},
  url = {https://link.aps.org/doi/10.1103/PhysRevE.77.066211}
}







@article{peng1995,
author = {Peng,C.‐K.  and Havlin,Shlomo  and Stanley,H. Eugene  and Goldberger,Ary L. },
title = {Quantification of scaling exponents and crossover phenomena in nonstationary heartbeat time series},
journal = {Chaos: An Interdisciplinary Journal of Nonlinear Science},
volume = {5},
number = {1},
pages = {82-87},
year = {1995},
doi = {10.1063/1.166141},

URL = { 
        https://doi.org/10.1063/1.166141
    
},
eprint = { 
        https://doi.org/10.1063/1.166141
    
}

}


@article{kirchner2014,
    author = {Kirchner, Marietta AND Schubert, Patric AND Liebherr, Magnus AND Haas, Christian T.},
    journal = {PLOS ONE},
    publisher = {Public Library of Science},
    title = {Detrended Fluctuation Analysis and Adaptive Fractal Analysis of Stride Time Data in Parkinson's Disease: Stitching Together Short Gait Trials},
    year = {2014},
    month = {01},
    volume = {9},
    url = {https://doi.org/10.1371/journal.pone.0085787},
    pages = {1-6},
    number = {1},
    doi = {10.1371/journal.pone.0085787}
}
 

@article{gao2011,
    author = {Gao, Jianbo AND Hu, Jing AND Tung, Wen-wen},
    journal = {PLOS ONE},
    publisher = {Public Library of Science},
    title = {Facilitating Joint Chaos and Fractal Analysis of Biosignals through Nonlinear Adaptive Filtering},
    year = {2011},
    month = {09},
    volume = {6},
    url = {https://doi.org/10.1371/journal.pone.0024331},
    pages = {1-8},
    number = {9},
    doi = {10.1371/journal.pone.0024331}
}

@article{kuznetsov2013,
author="Kuznetsov, Nikita
and Bonnette, Scott
and Gao, Jianbo
and Riley, Michael A.",
title="Adaptive Fractal Analysis Reveals Limits to Fractal Scaling in Center of Pressure Trajectories",
journal="Annals of Biomedical Engineering",
year="2013",
month="Aug",
day="01",
volume="41",
number="8",
pages="1646--1660",
issn="1573-9686",
doi="10.1007/s10439-012-0646-9",
url="https://doi.org/10.1007/s10439-012-0646-9"
}


@article{riley2012,
AUTHOR={Riley, Michael and Bonnette, Scott and Kuznetsov, Nikita and Wallot, Sebastian and Gao, Jianbo},   
TITLE={A tutorial introduction to adaptive fractal analysis},      
JOURNAL={Frontiers in Physiology},      
VOLUME={3},      
PAGES={371},     
YEAR={2012},      
URL={https://www.frontiersin.org/article/10.3389/fphys.2012.00371},       
DOI={10.3389/fphys.2012.00371},      
ISSN={1664-042X},   
}



@article{wijnants2009,
author={Wijnants, Maarten L and Bosman, Anna MT and Hasselman, FW and Cox, Ralf FA and Van Orden, Guy C},
title={1/f Scaling in movement time changes with practice in precision aiming},
journal={Nonlinear Dynamics, Psychology, and Life Sciences},
year={2009},
volume={13},
number={1},
pages={79-98},
url={https://repository.ubn.ru.nl//handle/2066/77548},
note={cited By 88},
}

empirical mode decomposition 
@article{huang1998,
	author = {Huang, Norden E. and Shen, Zheng and Long, Steven R. and Wu, Manli C. and Shih, Hsing H. and Zheng, Quanan and Yen, Nai-Chyuan and Tung, Chi Chao and Liu, Henry H.},
	title = {The empirical mode decomposition and the Hilbert spectrum for nonlinear and non-stationary time series analysis},
	volume = {454},
	number = {1971},
	pages = {903--995},
	year = {1998},
	doi = {10.1098/rspa.1998.0193},
	publisher = {The Royal Society},
	issn = {1364-5021},
	URL = {http://rspa.royalsocietypublishing.org/content/454/1971/903},
	eprint = {http://rspa.royalsocietypublishing.org/content/454/1971/903.full.pdf},
	journal = {Proceedings of the Royal Society of London A: Mathematical, Physical and Engineering Sciences}
}



empirical mode decomposition 
@Article{bonnet2014,
AUTHOR = {Bonnet, Vincent and Ramdani, Sofiane and Azevedo-Coste, Christine and Fraisse, Philippe and Mazzà, Claudia and Cappozzo, Aurelio},
TITLE = {Integration of Human Walking Gyroscopic Data Using Empirical Mode Decomposition},
JOURNAL = {Sensors},
VOLUME = {14},
YEAR = {2014},
NUMBER = {1},
PAGES = {370--381},
URL = {http://www.mdpi.com/1424-8220/14/1/370},
PubMedID = {24379044},
ISSN = {1424-8220},
DOI = {10.3390/s140100370}
}


@article{costa2007,
  author={M. Costa and A. A. Priplata and L. A. Lipsitz and Z. Wu and N. E. Huang and A. L. Goldberger and C.-K. Peng},
  title={Noise and poise: Enhancement of postural complexity in the elderly with a stochastic-resonance–based therapy},
  journal={EPL (Europhysics Letters)},
  volume={77},
  number={6},
  pages={68008},
  url={http://stacks.iop.org/0295-5075/77/i=6/a=68008},
  year={2007},
}


@article{daubechies2011,
title = "Synchrosqueezed wavelet transforms: An empirical mode decomposition-like tool",
journal = "Applied and Computational Harmonic Analysis",
volume = "30",
number = "2",
pages = "243 - 261",
year = "2011",
issn = "1063-5203",
doi = "https://doi.org/10.1016/j.acha.2010.08.002",
url = "http://www.sciencedirect.com/science/article/pii/S1063520310001016",
author = "Ingrid Daubechies and Jianfeng Lu and Hau-Tieng Wu",
keywords = "Wavelet, Time-frequency analysis, Synchrosqueezing, Empirical mode decomposition"
}




@article{vandieen2010,
title = "Postural sway parameters in seated balancing; their reliability and relationship with balancing performance",
journal = "Gait and Posture",
volume = "31",
number = "1",
pages = "42 - 46",
year = "2010",
issn = "0966-6362",
doi = "https://doi.org/10.1016/j.gaitpost.2009.08.242",
url = "http://www.sciencedirect.com/science/article/pii/S0966636209005931",
author = "Jaap H. van Dieën and Lando L.J. Koppes and Jos W.R. Twisk",
keywords = "Postural control, Balance, Sway"
}



@article{carroll1993,
  title={Nonstationary properties of postural sway},
  author={Carroll, James P and Freedman, William},
  journal={Journal of biomechanics},
  volume={26},
  number={4},
  pages={409--416},
  year={1993},
  publisher={Elsevier}
}



@Article{mert2018,
author="Mert, Ahmet
and Akan, Aydin",
title="Emotion recognition from EEG signals by using multivariate empirical mode decomposition",
journal="Pattern Analysis and Applications",
year="2018",
month="Feb",
day="01",
volume="21",
number="1",
pages="81--89",
issn="1433-755X",
doi="10.1007/s10044-016-0567-6",
url="https://doi.org/10.1007/s10044-016-0567-6"
}



@article {rehman2010,
	author = {Rehman, N. and Mandic, D. P.},
	title = {Multivariate empirical mode decomposition},
	volume = {466},
	number = {2117},
	pages = {1291--1302},
	year = {2010},
	doi = {10.1098/rspa.2009.0502},
	publisher = {The Royal Society},
	issn = {1364-5021},
	URL = {http://rspa.royalsocietypublishing.org/content/466/2117/1291},
	eprint = {http://rspa.royalsocietypublishing.org/content/466/2117/1291.full.pdf},
	journal = {Proceedings of the Royal Society of London A: Mathematical, Physical and Engineering Sciences}
}


@article{wu-hu2006,
  title = {Empirical mode decomposition and synchrogram approach to cardiorespiratory synchronization},
  author = {Wu, Ming-Chya and Hu, Chin-Kun},
  journal = {Phys. Rev. E},
  volume = {73},
  issue = {5},
  pages = {051917},
  numpages = {11},
  year = {2006},
  month = {May},
  publisher = {American Physical Society},
  doi = {10.1103/PhysRevE.73.051917},
  url = {https://link.aps.org/doi/10.1103/PhysRevE.73.051917}
}


@article{wu-huang2004,
	author = {Wu, Zhaohua and Huang, Norden E.},
	title = {A study of the characteristics of white noise using the empirical mode decomposition method},
	volume = {460},
	number = {2046},
	pages = {1597--1611},
	year = {2004},
	doi = {10.1098/rspa.2003.1221},
	publisher = {The Royal Society},
	issn = {1364-5021},
	URL = {http://rspa.royalsocietypublishing.org/content/460/2046/1597},
	eprint = {http://rspa.royalsocietypublishing.org/content/460/2046/1597.full.pdf},
	journal = {Proceedings of the Royal Society of London A: Mathematical, Physical and Engineering Sciences}
}



@article{wu-huang2009,
author = {Wu, Zhaohua and Huang, Norden E.},
title = {ENSEMBLE EMPIRICAL MODE DECOMPOSITION: A NOISE-ASSISTED DATA ANALYSIS METHOD},
journal = {Advances in Adaptive Data Analysis},
volume = {01},
number = {01},
pages = {1-41},
year = {2009},
doi = {10.1142/S1793536909000047},

URL = { 
        https://doi.org/10.1142/S1793536909000047
    
},
eprint = { 
        https://doi.org/10.1142/S1793536909000047
    
}
,
}


@article{lake2011,
author = {Lake, Douglas E. and Moorman, J. Randall},
title = {Accurate estimation of entropy in very short physiological time series: the problem of atrial fibrillation detection in implanted ventricular devices},
journal = {American Journal of Physiology-Heart and Circulatory Physiology},
volume = {300},
number = {1},
pages = {H319-H325},
year = {2011},
doi = {10.1152/ajpheart.00561.2010},
    note ={PMID: 21037227},

URL = { 
        https://doi.org/10.1152/ajpheart.00561.2010
    
},
eprint = { 
        https://doi.org/10.1152/ajpheart.00561.2010
    
}
,
}


@article{azami2016,
title = "Amplitude-aware permutation entropy: Illustration in spike detection and signal segmentation",
journal = "Computer Methods and Programs in Biomedicine",
volume = "128",
pages = "40 - 51",
year = "2016",
issn = "0169-2607",
doi = "https://doi.org/10.1016/j.cmpb.2016.02.008",
url = "http://www.sciencedirect.com/science/article/pii/S0169260715301152",
author = "Hamed Azami and Javier Escudero",
}

@ARTICLE{lempel1976, 
author={A. Lempel and J. Ziv}, 
journal={IEEE Transactions on Information Theory}, 
title={On the Complexity of Finite Sequences}, 
year={1976}, 
volume={22}, 
number={1}, 
pages={75-81}, 
keywords={Sequences}, 
doi={10.1109/TIT.1976.1055501}, 
ISSN={0018-9448}, 
month={January},}


@ARTICLE{mandic2013, 
author={D. P. Mandic and N. u. Rehman and Z. Wu and N. E. Huang}, 
journal={IEEE Signal Processing Magazine}, 
title={Empirical Mode Decomposition-Based Time-Frequency Analysis of Multivariate Signals: The Power of Adaptive Data Analysis}, 
year={2013}, 
volume={30}, 
number={6}, 
pages={74-86}, 
doi={10.1109/MSP.2013.2267931}, 
ISSN={1053-5888}, 
month={Nov},}

@INPROCEEDINGS{flandrin2004, 
author={P. Flandrin and P. Gonçalvès and G. Rilling}, 
booktitle={2004 12th European Signal Processing Conference}, 
title={Detrending and denoising with empirical mode decompositions}, 
year={2004}, 
volume={}, 
number={}, 
pages={1581-1584}, 
doi={}, 
ISSN={}, 
month={Sept},}



@article {barbado2017,
	Title = {Can the structure of motor variability predict learning rate?},
	author={Barbado, Murillo D and Caballero, S{\'a}nchez C and Moreside, J and Vera-Garc{\'\i}a, FJ and Moreno, FJ},
	DOI = {10.1037/xhp0000303},
	Number = {3},
	Volume = {43},
	Month = {March},
	Year = {2017},
	Journal = {Journal of experimental psychology. Human perception and performance},
	ISSN = {0096-1523},
	Pages = {596—607},
	URL = {https://doi.org/10.1037/xhp0000303},
}


@article{tononi1998,
title = "Complexity and coherency: integrating information in the brain",
journal = "Trends in Cognitive Sciences",
volume = "2",
number = "12",
pages = "474 - 484",
year = "1998",
issn = "1364-6613",
doi = "https://doi.org/10.1016/S1364-6613(98)01259-5",
url = "http://www.sciencedirect.com/science/article/pii/S1364661398012595",
author = "Giulio Tononi and Gerald M. Edelman and Olaf Sporns",
keywords = "complexity, integration, information theory, neural networks, binding"
}



@article{tononi1996,
	author = {Tononi, G and Sporns, O and Edelman, G M},
	title = {A measure for brain complexity: relating functional segregation and integration in the nervous system},
	volume = {91},
	number = {11},
	pages = {5033--5037},
	year = {1994},
	doi = {10.1073/pnas.91.11.5033},
	publisher = {National Academy of Sciences},
	issn = {0027-8424},
	URL = {http://www.pnas.org/content/91/11/5033},
	eprint = {http://www.pnas.org/content/91/11/5033.full.pdf},
	journal = {Proceedings of the National Academy of Sciences}
}

@article{chen2002,
  title = {Effect of nonstationarities on detrended fluctuation analysis},
  author = {Chen, Zhi and Ivanov, Plamen Ch. and Hu, Kun and Stanley, H. Eugene},
  journal = {Phys. Rev. E},
  volume = {65},
  issue = {4},
  pages = {041107},
  numpages = {15},
  year = {2002},
  month = {Apr},
  publisher = {American Physical Society},
  doi = {10.1103/PhysRevE.65.041107},
  url = {https://link.aps.org/doi/10.1103/PhysRevE.65.041107}
}



@article{webber1994,
author = {Webber, C. L. and Zbilut, J. P.},
title = {Dynamical assessment of physiological systems and states using recurrence plot strategies},
journal = {Journal of Applied Physiology},
volume = {76},
number = {2},
pages = {965-973},
year = {1994},
doi = {10.1152/jappl.1994.76.2.965},
    note ={PMID: 8175612},

URL = { 
        https://doi.org/10.1152/jappl.1994.76.2.965
    
},
eprint = { 
        https://doi.org/10.1152/jappl.1994.76.2.965
    
}
,
}


@article{riley1999,
title = "Recurrence quantification analysis of postural fluctuations",
journal = "Gait and Posture",
volume = "9",
number = "1",
pages = "65 - 78",
year = "1999",
issn = "0966-6362",
doi = "https://doi.org/10.1016/S0966-6362(98)00044-7",
url = "http://www.sciencedirect.com/science/article/pii/S0966636298000447",
author = "M.A Riley and R Balasubramaniam and M.T Turvey",
keywords = "Postural control, Vision, Time series analysis, Recurrence plots"
}



@article{zunino2009,
title = "Forbidden patterns, permutation entropy and stock market inefficiency",
journal = "Physica A: Statistical Mechanics and its Applications",
volume = "388",
number = "14",
pages = "2854 - 2864",
year = "2009",
issn = "0378-4371",
doi = "https://doi.org/10.1016/j.physa.2009.03.042",
url = "http://www.sciencedirect.com/science/article/pii/S0378437109002593",
author = "Luciano Zunino and Massimiliano Zanin and Benjamin M. Tabak and Darío G. Pérez and Osvaldo A. Rosso",
keywords = "Forbidden patterns, Permutation entropy, Stock market inefficiency"
}



@article{duarte2008,
author="Duarte, Marcos
and Sternad, Dagmar",
title="Complexity of human postural control in young and older adults during prolonged standing",
journal="Experimental Brain Research",
year="2008",
month="Nov",
day="01",
volume="191",
number="3",
pages="265--276",
issn="1432-1106",
doi="10.1007/s00221-008-1521-7",
url="https://doi.org/10.1007/s00221-008-1521-7"
}


@article{chen2009,
title = "Measuring complexity using FuzzyEn, ApEn, and SampEn",
journal = "Medical Engineering and Physics",
volume = "31",
number = "1",
pages = "61 - 68",
year = "2009",
issn = "1350-4533",
doi = "https://doi.org/10.1016/j.medengphy.2008.04.005",
url = "http://www.sciencedirect.com/science/article/pii/S1350453308000726",
author = "Weiting Chen and Jun Zhuang and Wangxin Yu and Zhizhong Wang",
keywords = "Complexity, Nonlinear, ApEn, SampEn, FuzzyEn"
}


@book{huffaker2017,
 author = {Ray Huffaker and Marco Bittelli and Rodolfo Rosa},
 title = {Nonlinear Time Series Analysis with R},
 year = {2017},
 isbn = {9780198782933},
 publisher = {Oxford University Press},
}



@article{barahona1996,
  title={Detection of nonlinear dynamics in short, noisy time series},
  author={Barahona, Mauricio and Poon, Chi-Sang},
  journal={Nature},
  volume={381},
  number={6579},
  pages={215--217},
  year={1996},
  publisher={Springer}
}



@incollection{pellecchia2005,
    author = {Geraldine L. Pellecchia and Kevin Shockley},
    title = {Application of Recurrence Quantification Analysis: Influence of Cognitive Activity on Postural Fluctuations},
    editor = {Riley, M.A. and Van Orden, G.C. and National Science Foundation (U.S.)},
  booktitle = {Tutorials in Contemporary Nonlinear Methods for the Behavioral Sciences},
  publisher = {National Science Foundation},
  isbn      = {978-3-319-07154-1},
  year= 2015,
  pages       = "95-141",
  chapter     = 3
}


@incollection{webber2005,
  author    = {Charles L. Webber and Joseph P. Zbilut},
  title={Recurrence Quantification Analysis of Nonlinear Dynamical Systems},
	editor = {Michael A. Riley and Guy C. Van Orden},
  booktitle = {Tutorials in contemporary nonlinear methods for behavioral science},
  publisher = {National Science Foundation},
  isbn      = {978-3-319-07154-1},
  year= 2005,
  pages       = "26-94",
  chapter     = 2
}





@article{bryce2012,
  author={Bryce, RM and Sprague, KB},
  title={Revisiting detrended fluctuation analysis},
  journal={Scientific reports},
  volume={2},
  pages={315},
  year={2012},
  publisher={Nature Publishing Group}
}


@article{kitagawa1984,
author = { Genshiro   Kitagawa  and  Will   Gersch },
title = {A Smoothness Priors–State Space Modeling of Time Series with Trend and Seasonality},
journal = {Journal of the American Statistical Association},
volume = {79},
number = {386},
pages = {378-389},
year  = {1984},
publisher = {Taylor & Francis},
doi = {10.1080/01621459.1984.10478060},

URL = { 
        https://doi.org/10.1080/01621459.1984.10478060
    
},
eprint = { 
        https://doi.org/10.1080/01621459.1984.10478060
    
}

}

@article{rangarajan2000,
  title = {Integrated approach to the assessment of long range correlation in time series data},
  author = {Rangarajan, Govindan and Ding, Mingzhou},
  journal = {Phys. Rev. E},
  volume = {61},
  issue = {5},
  pages = {4991--5001},
  numpages = {0},
  year = {2000},
  month = {May},
  publisher = {American Physical Society},
  doi = {10.1103/PhysRevE.61.4991},
  url = {https://link.aps.org/doi/10.1103/PhysRevE.61.4991}
}




@article{harbourne2009,
author = {Harbourne, Regina T and Stergiou, Nicholas},
title = {Movement Variability and the Use of Nonlinear Tools: Principles to Guide Physical Therapist Practice},
journal = {Physical Therapy},
volume = {89},
number = {3},
pages = {267-282},
year = {2009},
doi = {10.2522/ptj.20080130},
URL = { + http://dx.doi.org/10.2522/ptj.20080130},
eprint = {/oup/backfile/content_public/journal/ptj/89/3/10.2522_ptj.20080130/3/ptj0267.pdf}
}









