



################################################################################
################################################################################
################################################################################
################################################################################
################################################################################``
################################################################################``
ARTICLES NOT CITED IN THE THESIS




###############################################################################
Recurrence Quantification







@article{trulla1996,
title = "Recurrence quantification analysis of the logistic equation with transients",
journal = "Physics Letters A",
volume = "223",
number = "4",
pages = "255 - 260",
year = "1996",
issn = "0375-9601",
doi = "https://doi.org/10.1016/S0375-9601(96)00741-4",
url = "http://www.sciencedirect.com/science/article/pii/S0375960196007414",
author = "L.L. Trulla and A. Giuliani and J.P. Zbilut and C.L. Webber",
keywords = "Recurrence, Lyapunov exponents, Stationarity, Chaos, Complex systems, Nonlinear dynamics"
}


@article{marwan2008,
author="Marwan, N.",
title="A historical review of recurrence plots",
journal="The European Physical Journal Special Topics",
year="2008",
month="Oct",
day="01",
volume="164",
number="1",
pages="3--12",
issn="1951-6401",
doi="10.1140/epjst/e2008-00829-1",
url="https://doi.org/10.1140/epjst/e2008-00829-1"
}


#applications of RQA in human movevement in PLOSone
@article{apthorp2014,
    author = {Apthorp, Deborah AND Nagle, Fintan AND Palmisano, Stephen},
    journal = {PLOS ONE},
    publisher = {Public Library of Science},
    title = {Chaos in Balance: Non-Linear Measures of Postural Control Predict Individual Variations in Visual Illusions of Motion},
    year = {2014},
    month = {12},
    volume = {9},
    url = {https://doi.org/10.1371/journal.pone.0113897},
    pages = {1-22},
    number = {12},
    doi = {10.1371/journal.pone.0113897}
}


@article{duran2017,
    author = {Duran, Nicholas D. AND Fusaroli, Riccardo},
    journal = {PLOS ONE},
    publisher = {Public Library of Science},
    title = {Conversing with a devilâ€™s advocate: Interpersonal coordination in deception and disagreement},
    year = {2017},
    month = {06},
    volume = {12},
    url = {https://doi.org/10.1371/journal.pone.0178140},
    pages = {1-25},
    number = {6},
    doi = {10.1371/journal.pone.0178140}
}


@article{rhea2011,
    author = {Rhea, Christopher K. AND Silver, Tobin A. AND Hong, S. Lee AND Ryu, Joong Hyun AND Studenka, Breanna E. AND Hughes, Charmayne M. L. AND Haddad, Jeffrey M.},
    journal = {PLOS ONE},
    publisher = {Public Library of Science},
    title = {Noise and Complexity in Human Postural Control: Interpreting the Different Estimations of Entropy},
    year = {2011},
    month = {03},
    volume = {6},
    url = {https://doi.org/10.1371/journal.pone.0017696},
    pages = {1-9},
    number = {3},
    doi = {10.1371/journal.pone.0017696}
}










# Observability problem: lettelier1998,smirnov2002,lettelier2005
@article{lettelier1998,
    author={C Letellier and J Maquet and L Le Sceller and G Gouesbet and L A Aguirre},
    title={On the non-equivalence of observables in phase-space reconstructions from recorded time series},
    journal={Journal of Physics A: Mathematical and General},
    volume={31},
    number={39},
    pages={7913},
    year={1998},
}
  url={http://stacks.iop.org/0305-4470/31/i=39/a=008},



@article{lettelier2005,
    title = {Relation between observability and differential embeddings for nonlinear dynamics},
    author = {Letellier, Christophe and Aguirre, Luis A. and Maquet, Jean},
    journal = {Phys. Rev. E},
    volume = {71},
    issue = {6},
    pages = {066213},
    numpages = {8},
    year = {2005},
    month = {Jun},
    publisher = {American Physical Society},
    doi = {10.1103/PhysRevE.71.066213},
}
    url = {https://link.aps.org/doi/10.1103/PhysRevE.71.066213}



@article{smith1988,
author = "Leonard A Smith",
title = "Intrinsic limits on dimension calculations",
journal = "Physics Letters A",
volume = "133",
number = "6",
pages = "283 - 288",
year = "1988",
note = "",
issn = "0375-9601",
}
doi = "http://dx.doi.org/10.1016/0375-9601(88)90445-8",
url = "http://www.sciencedirect.com/science/article/pii/0375960188904458",


  @article{smirnov2002,
    title = {Choice of dynamical variables for global reconstruction of model equations from time series},
    author = {Smirnov, Dmitry A. and Bezruchko, Boris P. and Seleznev, Yevgeny P.},
    journal = {Phys. Rev. E},
    volume = {65},
    issue = {2},
    pages = {026205},
    numpages = {7},
    year = {2002},
    month = {Jan},
    publisher = {American Physical Society},
    doi = {10.1103/PhysRevE.65.026205},
  }

  @INPROCEEDINGS{emrani2017,
  author={S. Emrani and H. Krim},
  booktitle={2017 IEEE International Conference on Acoustics, Speech and Signal Processing (ICASSP)},
  title={A model-free causality measure based on multi-variate delay embedding},
  year={2017},
  pages={4163-4167},
  keywords={causality;correlation methods;estimation theory;fractals;signal processing;time series;time-domain analysis;causal interaction extraction;causal interaction measure;correlation dimension estimation;fractal dimension;fractal-based method;generated point clouds;geometric model-free causality measure;multiple time series;multivariate delay embedding;nonlinear causal interaction detection;point cloud construction;time domain signals;Correlation;Delays;Estimation;Fractals;Three-dimensional displays;Time series analysis;Causal interaction;multivariate delay embedding;time series analysis},
  doi={10.1109/ICASSP.2017.7952940},
  month={March},}

  @INPROCEEDINGS{emrani2014m,
  author={S. Emrani and H. Chintakunta and H. Krim},
  booktitle={2014 IEEE International Conference on Acoustics, Speech and Signal Processing (ICASSP)},
  title={Real time detection of harmonic structure: A case for topological signal analysis},
  year={2014},
  pages={3445-3449},
  keywords={computational complexity;graph theory;medical signal processing;Euler characteristic;biomedical signal processing;breathing sound signals;computational complexity;delay embeddings;graph analysis;harmonic structure real time detection;periodicity detection;point cloud;time-domain signal;topological signal analysis;wheeze detection;Complexity theory;Delays;Harmonic analysis;Mathematical model;Periodic structures;Time series analysis;Topology;Topological signal analysis;biomedical signal processing;graph analysis;periodicity detection},
  doi={10.1109/ICASSP.2014.6854240},
  ISSN={1520-6149},
  month={May},}



  @article{garcia2005e72,
    title = {Multivariate phase space reconstruction by nearest neighbor embedding with different time delays},
    author = {Garcia, Sara P. and Almeida, Jonas S.},
    journal = {Phys. Rev. E},
    volume = {72},
    issue = {2},
    pages = {027205},
    numpages = {4},
    year = {2005},
    month = {Aug},
    publisher = {American Physical Society},
    doi = {10.1103/PhysRevE.72.027205},
  }
url = {https://link.aps.org/doi/10.1103/PhysRevE.72.027205}   m







@article{grassberger1992,
author = {Grassberger, Peter and Schreiber, Thomas and Schaffrath, Carsten},
year = {1992},
month = {01},
pages = {},
title = {Non-Linear Time Sequence Analysis},
volume = {01},
booktitle = {International Journal of Bifurcation and Chaos - IJBC}
}

@article{liebert1991,
  author={W. Liebert and K. Pawelzik and H. G. Schuster},
  title={Optimal Embeddings of Chaotic Attractors from Topological Considerations},
  journal={EPL (Europhysics Letters)},
  volume={14},
  number={6},
  pages={521},
  year={1991},
  abstract={Guided by topological considerations, a new method is introduced to obtain optimal delay coordinates for data from chaotic dynamic systems. By determining simultaneously the minimal necessary embedding dimension as well as the proper delay time we achieve optimal reconstructions of attractors. This can be demonstrated, e.g. , by reliable dimension estimations from limited data series.}
}
url={http://stacks.iop.org/0295-5075/14/i=6/a=004},



@article{England2007,
archivePrefix = {arXiv},
arxivId = {NIHMS150003},
author = {England, Scott A. and Granata, Kevin P.},
doi = {10.1016/j.gaitpost.2006.03.003},
eprint = {NIHMS150003},
isbn = {0966-6362},
issn = {09666362},
journal = {Gait and Posture},
keywords = {Gait,Stability,Walking velocity},
number = {2},
pages = {172--178},
pmid = {16621565},
title = {{The influence of gait speed on local dynamic stability of walking}},
volume = {25},
year = {2007}
}



@article{Terrier2013,
author = {Terrier, Philippe and D{\'{e}}riaz, Olivier},
doi = {10.3389/fphys.2013.00230},
isbn = {1664-042X (Electronic)$\backslash$r1664-042X (Linking)},
issn = {1664042X},
journal = {Frontiers in Physiology},
keywords = {Cued walking,Detrended fluctuation analysis,Fall risk,Maximal finite-time lyapunov exponents,Neurorehabilitation,Non-linear gait dynamics},
number = {September},
pages = {1--13},
pmid = {24027529},
title = {{Non-linear dynamics of human locomotion: Effects of rhythmic auditory cueing on local dynamic stability}},
volume = {4 SEP},
year = {2013}
}




@article{Harbourne2009,
author = {Harbourne, Regina T and Stergiou, Nicholas},
doi = {10.2522/ptj.20080130},
issn = {1538-6724},
journal = {Physical therapy},
keywords = {Humans,Motor Skills,Motor Skills: physiology,Movement,Movement: physiology,Nonlinear Dynamics,Physical Therapy Modalities,Research,Systems Theory,Terminology as Topic},
month = {mar},
number = {3},
pages = {267--82},
pmid = {19168711},
title = {{Movement variability and the use of nonlinear tools: principles to guide physical therapist practice.}},
volume = {89},
year = {2009}
}



@ARTICLE{Abbasi-Kesbi2017,
author={R. Abbasi-Kesbi and A. Nikfarjam},
journal={Electronics Letters},
title={Denoising MEMS accelerometer sensors based on L2-norm total variation algorithm},
year={2017},
volume={53},
number={5},
pages={322-324},
keywords={accelerometers;health care;microsensors;signal denoising;wireless sensor networks;Butterworth low pass filter;L2-norm total variation algorithm;LTV algorithm;Savitzky-Golay low pass filter;accelerometer signal denoising;denoising MEMS accelerometer sensor;equiripple-pass-band low pass filter;healthcare application;human movement assessment;noise reduction;power spectral density function;signal-to-noise ratio;wireless accelerometer sensor},
doi={10.1049/el.2016.3811},
ISSN={0013-5194},
month={},}



@INPROCEEDINGS{acar2012,
author={E. Acar and T. Senst and A. Kuhn and I. Keller and H. Theisel and S. Albayrak and T. Sikora},
booktitle={2012 IEEE 14th International Workshop on Multimedia Signal Processing (MMSP)},
title={Human action recognition using Lagrangian descriptors},
year={2012},
pages={360-365},
keywords={Lyapunov methods;image motion analysis;image recognition;image segmentation;image sequences;support vector machines;Lagrangian descriptors;Lagrangian measures;Lagrangian method;complex motion pattern;crowd analysis task;crowd segmentation;finite time Lyapunov exponents;human action recognition performance;human activity;image sequences;linear SVM classification scheme;time normalized arc length measures;Accuracy;Context;Feature extraction;Humans;Image sequences;Legged locomotion;Optical imaging},
doi={10.1109/MMSP.2012.6343469},
month={Sept},}




@article{crutchfield1987,
author = "James P. Crutchfield and Bruce S. McNamara",
title = "Equations of Motion from a Data Series",
journal = "Complex Systems",
volume = "1",
issue = "3",
year = "1987",
}


@article{brunton2016,
author = "Steven L. Brunton and Joshua L. Proctor and J. Nathan Kutz",
title = "Discovering governing equations from data by sparse identification of nonlinear dynamical systems",
journal = "Proceedings of the National Academy of Sciences of the United States of America",
volume = "113",
number = "15",
pages = "3932â€“3937",
year = "2016",
}
doi:10.1073/pnas.1517384113


@article{brunton2017,
author = "Steven L. Brunton and Bingni W. Brunton and Joshua L. Proctor and Eurika Kaiser and J. Nathan Kutz",
title = "Chaos as an intermittently forced linear system",
journal = "Nature Communications",
volume = "8",
year = "2017",
}
10.1038/s41467-017-00030-8
https://doi.org/10.1038/s41467-017-00030-8



@manual{wiki:diffeomorphic,
     title = {Diffeomorphism},
     url = {https://en.wikipedia.org/wiki/Diffeomorphism},
     year   = "(accessed November 21, 2017)"
   }
author = "Mark Senn",




@article{judd1998,
author = "Kevin Judd and Alistair Mees",
title = "Embedding as a modeling problem",
journal = "Physica D: Nonlinear Phenomena",
volume = "120",
number = "3",
pages = "273 - 286",
year = "1998",
issn = "0167-2789",
doi = "https://doi.org/10.1016/S0167-2789(98)00089-X",
url = "http://www.sciencedirect.com/science/article/pii/S016727899800089X",
}




@article{vlachos2010,
  title = {Nonuniform state-space reconstruction and coupling detection},
  author = {Vlachos, Ioannis and Kugiumtzis, Dimitris},
  journal = {Phys. Rev. E},
  volume = {82},
  issue = {1},
  pages = {016207},
  numpages = {16},
  year = {2010},
  month = {Jul},
  publisher = {American Physical Society},
}


@article{rissanen1978,
title = "Modeling by shortest data description",
journal = "Automatica",
volume = "14",
number = "5",
pages = "465 - 471",
year = "1978",
issn = "0005-1098",
author = "J. Rissanen",
keywords = "Modeling, parameter estimation, identification, statistics, stochastic systems"
}



@article{small2002,
title = "Applying the method of surrogate data to cyclic time series",
journal = "Physica D: Nonlinear Phenomena",
volume = "164",
number = "3",
pages = "187 - 201",
year = "2002",
issn = "0167-2789",
author = "Michael Small and C.K. Tse",
keywords = "Surrogate data analysis, Pseudo-periodic surrogates, Hypothesis testing"
}


@PhdThesis{vegadelvalle2015,
  author =       {Vega del Valle, Iliusi Donaji},
  title =        {Reconstruction and analysis of the state space for the identification of dynamical states in real-world time series},
  school =       {Freie Universitat Berlin},
  year =         2015,
  address =      {Berlin, Germany},
}
url={http://www.diss.fu-berlin.de/diss/receive/FUDISS_thesis_000000104520}


@article{kim1998,
  title = {Delay time window and plateau onset of the correlation dimension for small data sets},
  author = {Kim, H. S. and Eykholt, R. and Salas, J. D.},
  journal = {Phys. Rev. E},
  volume = {58},
  issue = {5},
  pages = {5676--5682},
  numpages = {0},
  year = {1998},
  month = {Nov},
  publisher = {American Physical Society},
  doi = {10.1103/PhysRevE.58.5676},
  url = {https://link.aps.org/doi/10.1103/PhysRevE.58.5676}
}




@article{kugiumtzis1996,
title = "State space reconstruction parameters in the analysis of chaotic time series â€” the role of the time window length",
journal = "Physica D: Nonlinear Phenomena",
volume = "95",
number = "1",
pages = "13 - 28",
year = "1996",
issn = "0167-2789",
doi = "https://doi.org/10.1016/0167-2789(96)00054-1",
url = "http://www.sciencedirect.com/science/article/pii/0167278996000541",
author = "D Kugiumtzis",
keywords = "Time series, Chaos, State space reconstruction, Correlation dimension"
}




@inproceedings{xu2010,
 author = {Xu, Junling},
 title = {Adapt the mRMR Criterion for Unsupervised Feature Selection},
 booktitle = {Proceedings of the 6th International Conference on Advanced Data Mining and Applications - Volume Part II},
 series = {ADMA'10},
 year = {2010},
 isbn = {3-642-17312-8, 978-3-642-17312-7},
 location = {Chongqing, China},
 pages = {111--121},
 numpages = {11},
 url = {http://dl.acm.org/citation.cfm?id=1948448.1948460},
 acmid = {1948460},
 publisher = {Springer-Verlag},
 address = {Berlin, Heidelberg},
 keywords = {feature selection, mutual information, unsupervised feature selection},
}

































Thesis publications:

@inproceedings{xochicale2016a,
 author = {Xochicale, Miguel and Baber, Chris and Oussalah, Mourad},
 title = {Understanding Movement Variability of Simplistic Gestures Using an Inertial Sensor},
 booktitle = {Proceedings of the 5th ACM International Symposium on Pervasive Displays},
 series = {PerDis '16},
 year = {2016},
 isbn = {978-1-4503-4366-4},
 location = {Oulu, Finland},
 pages = {239--240},
 numpages = {2},
 url = {http://doi.acm.org/10.1145/2914920.2940337},
 doi = {10.1145/2914920.2940337},
 acmid = {2940337},
 publisher = {ACM},
 address = {New York, NY, USA},
 keywords = {activity recognition, dimensionality reduction, phase space reconstruction, time-delay embedding},
} 


@InProceedings{xochicale2016b,
author="Xochicale, Miguel and Baber, Chris and Oussalah, Mourad",
editor="Gonz{\'a}lez-Vargas, Jos{\'e} and Ib{\'a}{\~{n}}ez, Jaime and Contreras-Vidal, Jose L. and van der Kooij, Herman and Pons, Jos{\'e} Luis",
title="Analysis of the Movement Variability in Dance Activities Using Wearable Sensors",
booktitle="Wearable Robotics: Challenges and Trends",
year="2017",
publisher="Springer International Publishing",
address="Cham",
pages="149--154",
isbn="978-3-319-46532-6"
}



@inproceedings{xochicale2017a,
 author = {Xochicale, Miguel P. and Baber, Chris and Oussalah, Mourad},
 title = {Towards the Quantification of Human-Robot Imitation Using Wearable Inertial Sensors},
 booktitle = {Proceedings of the Companion of the 2017 ACM/IEEE International Conference on Human-Robot Interaction},
 series = {HRI '17},
 year = {2017},
 isbn = {978-1-4503-4885-0},
 location = {Vienna, Austria},
 pages = {327--328},
 numpages = {2},
 url = {http://doi.acm.org/10.1145/3029798.3038320},
 doi = {10.1145/3029798.3038320},
 acmid = {3038320},
 publisher = {ACM},
 address = {New York, NY, USA},
 keywords = {human-robot imitation, movement variability, non-linear dynamics, state space reconstruction, wearable inertial sensors},
} 



@inproceedings{xochicale2017b,
 author = {Xochicale, Miguel P. and Baber, Chris},
 title = {Towards the Analysis of Movement Variability in Human-Humanoid Imitation Activities},
 booktitle = {Proceedings of the 5th International Conference on Human Agent Interaction},
 series = {HAI '17},
 year = {2017},
 isbn = {978-1-4503-5113-3},
 location = {Bielefeld, Germany},
 pages = {371--374},
 numpages = {4},
 url = {http://doi.acm.org/10.1145/3125739.3132595},
 doi = {10.1145/3125739.3132595},
 acmid = {3132595},
 publisher = {ACM},
 address = {New York, NY, USA},
 keywords = {dynamics invariants, human-humanoid imitation, human-robot interaction, nonlinear dynamics, state space reconstruction, wearable inertial sensors},
}





