@article{doi:10.1080/0163853X.2017.1297921,
author = {Sebastian Wallot},
title = {Recurrence Quantification Analysis of Processes and Products of Discourse: A Tutorial in R},
journal = {Discourse Processes},
volume = {0},
number = {0},
pages = {1-24},
year = {0},
doi = {10.1080/0163853X.2017.1297921},

URL = {
        http://dx.doi.org/10.1080/0163853X.2017.1297921

},
eprint = {
        http://dx.doi.org/10.1080/0163853X.2017.1297921

}

}
