@article{ashsco,
	Author = {Michael Aschbacher and Leonard Scott},
	Journal = {J. Algebra},
	Pages = {44-80},
	Title = {Maximal subgroups of finite genus},
	Volume = {92},
	Year = {1985}}

@book{zar,
	Author = {Oscar Zariski},
	Publisher = {MIT Press},
	Title = {Collected Papers, Volume III},
	Year = {1972}}

