@BOOK{book:LaTeX_companion,
 AUTHOR       = {Frank Mittelbach and Mochel Gossens and
                 Johannes Braams and David Carlisle and
                 Chris Rowley},
 TITLE        = {The \LaTeX\ Companion},
 booktitle    = {The \LaTeX\ Companion},
 PUBLISHER    = {Addison-Wesley},
 address      = {Boston},
 YEAR         = {2004},
 edition      = {Second},
 series       = {Tools and Techniques for Computer Typesetting},
 seditors     = {Frank Mittelbach},
 isbn         = {0-201-36299-6},
 note         = {With contributions by Christine Detig
                 and Joachim Schrod}
}

@BOOK{book:LaTeX_manual,
 AUTHOR       = {Leslie Lamport},
 TITLE        = {\LaTeX: A Document Preparation System ---
                 User's Guide and Reference Manual},
 booktitle    = {\LaTeX: A Document Preparation System ---
                 User's Guide and Reference Manual},
 PUBLISHER    = {Addison-Wesley Publishing Company, Inc.},
 address      = {Reading, Massachusetts},
 YEAR         = {1994},
 edition      = {second},
 isbn         = {0-201-52983-1},
 note         = {Illustrated by Duane Bibby.  Updated for \LaTeXe}
}

@MANUAL{man:TeXbook,
 TITLE        = {The \TeX{}book},
 author       = {Donald E. Knuth},
 organization = {Stanford University},
 year         = {1986},
 note         = {Incorporates the final
                 corrections made in~1996, and a few dozen more},
 url          = {http://www.ctan.org/tex-archive/systems/knuth/tex/},
 urldate      = {8~April 2007}
}

@MANUAL{man:ttb,
 AUTHOR       = {Nicolas Markey},
 TITLE        = {Tame the {BeaST}: The {B~to~X} of {Bib\TeX}},
 NOTE         = {Version~1.01},
 year         = {2004},
 month        = aug,
 url          = {http://www.ctan.org/get/info/bibtex/tamethebeast/ttb_en.pdf},
 urldate      = {15~October 2004}
}

@MANUAL{man:design-bst,
 AUTHOR       = {Oren Patashnik},
 TITLE        = {Designing {\sc Bib\TeX} Styles},
 NOTE         = {},
 year         = {1988},
 month        = feb,
 url          = {http://www.ctan.org/get/biblio/bibtex/contrib/doc/btxhak.pdf},
 urldate      = {30~December 2007}
}

@BOOKLET{booklet:prethesis,
 TITLE        = {Presenting Your Thesis:
                 Notes on the arrangement of theses
                 and their preparation for binding},
 author       = {{Information Services, The University of Birmingham}},
 abbrvname    = {IS@UoB},
 note         = {{SK/05JR 21/07/04}},
 url          = {http://www.is.bham.ac.uk/lrs/subject/sk05presentingthesis.pdf},
 urldate      = {10~December 2007}
}

@BOOKLET{booklet:prequote,
 TITLE        = {Preparing and Quoting References using the Harvard
                 System},
 author       = {{Information Services, The University of Birmingham}},
 abbrvname    = {IS@UoB},
 note         = {{SK04/JH 06/06/07}},
 url          = {http://www.is.bham.ac.uk/lrs/subject/Final_Harvardsk04.pdf},
 urldate      = {29~December 2007}
}
