@manual{xochicale2019-links,
title = {Github repository commit on 
29 August 2019 for colour links of code and amended links},
author = {Miguel Xochicale},
day = {30},
month = {August},
year = {2019},
note   = "\url{https://github.com/mxochicale-phd/thesis/commit/2e73527d3dc6d77dfd570912d33f50f5a6d0049b}"
}


@manual{xochicale2019-surrogate,
title = {Github repository commit on 
29 August 2019 for surrogate document},
author = {Miguel Xochicale},
day = {30},
month = {August},
year = {2019},
note   = "\url{https://github.com/mxochicale-phd/thesis/commit/c684a8953033bc59e41a8ce8216106434587ae20}"
}

