

@article{schreiber2000,
title = "Surrogate time series",
journal = "Physica D: Nonlinear Phenomena",
volume = "142",
number = "3",
pages = "346 - 382",
year = "2000",
issn = "0167-2789",
doi = "https://doi.org/10.1016/S0167-2789(00)00043-9",
url = "http://www.sciencedirect.com/science/article/pii/S0167278900000439",
author = "Thomas Schreiber and Andreas Schmitz",
keywords = "Time series, Surrogate data, Nonlinearity",
}




@article{stam1998,
title = "Reliable detection of nonlinearity in experimental time series with strong periodic components",
journal = "Physica D: Nonlinear Phenomena",
volume = "112",
number = "3",
pages = "361 - 380",
year = "1998",
issn = "0167-2789",
doi = "https://doi.org/10.1016/S0167-2789(97)00183-8",
url = "http://www.sciencedirect.com/science/article/pii/S0167278997001838",
author = "C.J. Stam and J.P.M. Pijn and W.S. Pritchard",
keywords = "Time series, Periodic, Nonlinearity, Surrogate data, Prediction, Chaos",
}



@article{small2002,
title = "Applying the method of surrogate data to cyclic time series",
journal = "Physica D: Nonlinear Phenomena",
volume = "164",
number = "3",
pages = "187 - 201",
year = "2002",
issn = "0167-2789",
doi = "https://doi.org/10.1016/S0167-2789(02)00382-2",
url = "http://www.sciencedirect.com/science/article/pii/S0167278902003822",
author = "Michael Small and C.K. Tse",
keywords = "Surrogate data analysis, Pseudo-periodic surrogates, Hypothesis testing",
}







